2630 3890
356 222 478 278 1213.st
498 222 573 278 cAP.
594 229 706 278 re-aa
726 228 741 289 ς
759 229 873 278 45-49.
1054 221 1119 287 213

112 366 236 431 servari
259 367 536 450 animadvertique
553 370 738 451 potuerunt.
773 365 896 432 Nattae
914 387 991 432 vero
1010 369 1120 432 statua

112 457 170 520 aut
197 476 273 520 aera
301 456 412 540 legum
440 454 478 519 de
501 454 591 520 caclo
614 458 703 520 tacta
725 455 803 540 quid
825 456 948 521 habent
971 455 1120 520 observa

111 547 183 608 tum
206 565 244 608 ac
261 543 447 608 vetustum?
470 541 594 607 Pinarii
607 541 729 609 Nattae
746 544 887 628 nobiles,
910 567 930 608 a
946 543 1119 608 nobilitate

111 632 215 718 igitur
241 631 430 716 pericolum.
471 630 541 697 Hoc
567 635 637 696 tam
660 632 775 698 callide
794 631 940 718 Iuppiter
962 632 1120 718 excogita-

83 719 174 784 evit!
210 719 369 785 Romulus
392 720 517 784 lactens
540 718 676 784 fulmine
698 720 796 804 ictus3
818 721 892 785 urbi
914 720 1016 807 igitur
1038 720 1119 804 peri-

112 809 221 873 culum
245 808 440 892 ostenditur,
463 808 493 872 ei
517 829 614 891 quam
637 807 694 873 ille
716 809 868 874 condidit.
913 807 1018 884 Quam
1040 808 1120 874 scite

111 917 171 983 per
192 899 288 960 notas
310 919 370 960 nos
393 897 547 961 certiores
564 895 644 962 facit
657 896 817 982 Iuppiter!
843 896 890 961 At
909 897 1022 962 eodem
1039 900 1119 960 tem-

111 1005 191 1069 pore
214 984 344 1070 signum
366 983 454 1049 Iovis
477 985 722 1070 conlocabatur,
750 1007 813 1069 quo
837 985 1016 1050 coniuratio
1039 984 1119 1050 indi-

112 1072 256 1138 cabatur.
291 1072 336 1137 Et
358 1076 395 1137 tu
418 1073 542 1138 scilicet
564 1073 668 1138 mavis
691 1074 821 1138 numine
844 1074 977 1140 deorum
999 1073 1033 1138 id
1054 1073 1119 1138 fac·

71 1181 98 1219 ιο
111 1165 183 1225 tum
206 1183 303 1246 quam
322 1182 399 1226 casu
417 1161 579 1246 arbitrari,
598 1165 630 1226 et
649 1162 842 1246 redemptor,
862 1162 917 1246 qui
935 1161 1119 1227 columnam

111 1250 206 1313 illam
229 1249 267 1314 dc
289 1248 389 1315 (lotta
411 1253 444 1314 et
467 1249 505 1314 de
523 1248 689 1334 Torquato
712 1250 909 1315 conduxerat
930 1249 1119 1334 faciendam,

110 1360 179 1403 non
200 1337 318 1402 inertia
341 1340 397 1402 aut
419 1337 530 1422 inopia
551 1338 675 1403 tardior
696 1337 769 1422 fuit,
792 1339 848 1402 sed
870 1361 891 1403 a
913 1338 981 1403 deis
1000 1338 1119 1403 inmor-

112 1426 234 1491 talibus
257 1426 299 1490 ad
319 1426 419 1491 istam
442 1425 556 1491 horam
579 1429 764 1492 reservatus
783 1430 841 1491 est.
877 1425 954 1491 Non
972 1426 1119 1510 equidem
1138 1443 1172 1493 48

111 1516 210 1600 plane
233 1514 369 1599 despero
392 1515 457 1579 ista
480 1535 550 1579 esse
572 1536 663 1597 uera,
690 1514 747 1579 sed
769 1515 877 1580 nescio
901 1518 934 1580 et
956 1515 1078 1580 discere
1101 1537 1121 1579 a

70 1623 97 1661 1⁵
112 1607 147 1668 te
168 1603 254 1668 volo.
285 1601 372 1668 Nam
395 1625 468 1668 cum
490 1602 572 1666 mihi
595 1604 752 1687 quaedam
776 1625 852 1668 casu
870 1603 1056 1668 viderentur
1074 1603 1119 1668 sic

113 1691 255 1771 euenire,
286 1694 324 1755 ut
354 1691 521 1776 praedicta
552 1695 660 1755 essent
692 1713 711 1756 a
744 1691 977 1777 divinantibus,
1009 1691 1119 1757 dixisti

112 1780 218 1844 multa
241 1779 280 1844 de
303 1801 388 1862 casu,
410 1783 448 1843 ut
465 1778 640 1844 Venerium
662 1779 725 1844 iaci
746 1801 843 1864 posse
866 1801 943 1846 casu
966 1783 1120 1864 quattuor

113 1868 191 1932 talis
205 1867 310 1951 iactis,
323 1868 378 1932 sed
393 1867 637 1953 quadringentis
648 1867 938 1934 centumVeuerios
948 1889 1014 1934 non
1023 1889 1119 1955 possa

113 1978 191 2022 casu
214 1957 399 2021 consistere.
435 1955 581 2020 Primum
602 1955 720 2039 nescio,
743 1978 799 2021 cur
821 1957 1040 2042 nonpossint,
1063 1957 1120 2022 sed

70 2063 99 2102 ao
112 2066 178 2109 non
195 2065 321 2130 pugn03
344 2045 489 2109 abundas
508 2044 595 2109 enim
612 2044 783 2109 similibus.
816 2043 927 2110 Habes
946 2049 979 2110 et
997 2067 1120 2130 resper-

113 2133 238 2198 sionem
256 2133 498 2218 pigmcntorum
517 2137 549 2197 ct
568 2137 711 2198 rostrum
730 2133 797 2198 suis
816 2136 849 2197 et
868 2133 933 2199 alia
947 2135 1120 2218 permulta.

113 2219 204 2286 Idem
218 2219 418 2286 Carneadem
440 2221 563 2306 fingere
586 2221 665 2286 dicis
685 2221 723 2286 de
742 2221 847 2306 capite
861 2220 1003 2306 Panisci,
1026 2223 1120 2307 quasi

111 2331 179 2374 uon
209 2309 353 2394 potuerit
384 2309 418 2373 id
447 2309 575 2374 evenire
604 2331 681 2374 casu
707 2313 741 2377 et
766 2331 833 2374 non
859 2310 895 2374 in
921 2311 1010 2375 omni
1036 2331 1120 2375 mar·

114 2419 203 2462 more
221 2419 351 2463 necesse
370 2397 414 2461 sit
431 2397 537 2462 inesse
555 2397 608 2463 vel
622 2397 799 2462 Praxitelia
813 2399 934 2482 capita!
957 2397 1020 2462 Illa
1034 2398 1120 2462 enim

71 2486 187 2571 scipsa
201 2485 383 2551 efficiuntur
397 2485 604 2569 detractione,
622 2507 725 2570 neque
740 2487 911 2570 quicquam
925 2485 1004 2551 illue
1018 2485 1119 2551 adfer·

114 2577 169 2639 tur
197 2573 415 2658 aPraxitele3
445 2574 501 2638 sed
528 2595 602 2639 cum
629 2574 734 2640 multa
757 2578 832 2639 sunt
855 2575 1001 2639 detracta
1023 2576 1056 2638 et
1079 2574 1120 2638 ad

2 2661 3 2666 ’
113 2662 306 2727 liniamenta
333 2663 399 2728 oris
425 2666 617 2746 perventum
644 2665 708 2747 est,
734 2665 806 2727 tum
832 2663 1006 2747 intellegas
1029 2661 1119 2746 illud,

116 2749 202 2834 quod
228 2750 294 2815 iam
322 2751 500 2835 expolitum
528 2751 585 2834 sit,
611 2751 699 2815 intus
727 2750 836 2816 fuisse.
876 2749 991 2815 Potest
1016 2749 1119 2835 igitur
1138 2764 1172 2813 49

114 2837 183 2903 tale
211 2837 333 2922 aliquid
361 2839 460 2903 etiam
483 2860 542 2902 sua
565 2842 681 2922 sponte
703 2838 738 2902 in
759 2838 941 2923 lapicidinis
965 2835 1120 2904 Chiorum

72 2944 100 2985 so
115 2925 270 2990 extitisse.
307 2923 369 2990 Sed
392 2927 435 2990 sit
458 2926 519 2992 hoc
541 2927 667 3010 fictum,
690 2927 788 3011 quid?
810 2926 846 2991 in
867 2926 1008 2991 nubibus
1030 2949 1120 2991 num-

114 3036 213 3100 quam
231 3013 490 3080 animadvertisti
507 3015 610 3080 leonis
626 3014 766 3079 formam
781 3018 838 3080 aut
851 3015 1119 3099 hippocentauri?

1 3145 4 3176 2
112 3103 229 3168 Potest
254 3101 369 3188 igitur,
401 3103 486 3186 quod
513 3103 609 3169 modo
635 3103 794 3189 negabas,
826 3104 998 3168 veritatem
1026 3125 1119 3169 casus

112 3190 245 3256 imitari.

180 3277 244 3344 Sed
270 3278 423 3364 quoniam
450 3278 489 3344 de
516 3280 598 3344 extis
625 3283 659 3345 et
686 3281 724 3344 dc
752 3279 935 3366 fulgoribus
963 3281 1043 3346 satis
1067 3285 1117 3348 est
1130 3281 1172 3347 22

73 3382 100 3423 ⁸⁵
114 3367 328 3453 disputatum,
358 3369 487 3432 ostenta
515 3371 654 3453 restant,
682 3373 720 3433 ut
747 3373 818 3434 tota
844 3369 1053 3454 haruspicina
1075 3371 1119 3434 sit

113 3459 322 3541 pertractata.
357 3454 466 3520 Mulae
488 3459 602 3540 partus
624 3458 773 3541 prolatus
797 3461 947 3523 estate.
978 3457 1043 3522 Res
1063 3459 1120 3522 mi-

113 3544 237 3627 rabilis,
258 3547 433 3631 propterea
454 3543 530 3628 quia
551 3565 618 3609 non
640 3566 736 3632 saepe
758 3545 810 3631 fit3
832 3547 889 3612 sed
912 3546 940 3610 si
962 3547 1034 3611 fieri
1054 3568 1120 3611 non
