2578 3874
168 83 233 148 376
531 83 579 137 na
599 66 852 136 caesaricas

113 205 205 332 22130)
273 225 359 302 Quin
386 227 485 292 etiam
514 227 542 290 si
570 225 681 310 cupiat
701 225 811 311 proles
834 225 895 292 illa
915 226 1102 291 futurorum
1128 225 1190 291 ho·

149 313 290 380 'minum
314 314 463 400 deinceps
486 314 599 379 laudes
622 313 717 379 unius
740 314 894 398 cuiusque
915 319 1068 380 nostrum
1086 337 1110 379 a
1129 337 1189 398 pa·

165 402 272 468 tribus
301 406 450 487 acceptas
478 403 619 488 posteris
642 402 791 487 prodere,
821 406 933 468 tamen
955 407 1091 488 propter
1117 403 1188 466 elu-

165 491 279 557 viones
302 491 550 574 exustionesque
573 494 744 574 terrarum,
768 513 849 574 quas
868 491 1011 556 accidere
1030 495 1187 575 tempore

166 583 254 645 certo
272 601 403 646 necesse
418 583 479 662 est,
496 600 562 643 non
576 579 672 643 modo
687 581 779 660 [non]
795 583 970 662 aeternam,
984 579 1096 644 sedne
1115 577 1212 641 diu-⁵

165 670 296 733 turnam
312 668 441 753 quidem
456 667 596 753 gloriam
610 667 744 750 adsequi
757 687 940 753 possumus.
969 665 1052 742 Quid
1067 669 1185 731 autem

164 755 302 820 interest
325 756 367 820 ab
388 755 444 838 iis,
472 755 528 838 qui
550 759 665 840 postea
688 759 875 838 nascentur,
902 776 1085 820 sermonem
1104 753 1185 818 fore

115 903 124 930 ,
165 843 204 908 de
232 847 279 928 te,
309 865 382 910 cum
406 843 447 907 ab
470 843 511 907 iis
534 843 644 908 nullus
666 842 780 927 fuerit,
808 845 863 928 qui
886 847 962 908 ante
984 844 1056 908 nati
1076 843 1184 906 sunt?

112 901 155 1026 {f
166 933 222 1016 qui
242 950 303 998 neo
325 931 493 1016 pauciores
517 934 655 996 atcerte
674 932 825 996 meliores
843 932 975 996 fuerunt
993 932 1062 1009 viri,
1085 952 1184 1016 prae

166 1021 279 1085 sertim
310 1042 383 1085 cum
411 1019 496 1104 apud
525 1041 580 1084 eos
607 1019 710 1105 ipsos,
741 1042 761 1085 a
788 1021 905 1104 quibus
930 1019 1037 1085 audiri
1055 1040 1185 1084 nomen
1197 1037 1221 1075 1⁰

163 1112 314 1173 nostrum
337 1111 456 1192 potest,
478 1129 573 1172 nemo
597 1108 692 1173 unius
715 1108 792 1172 anui
814 1109 1005 1174 memoriam
1024 1107 1184 1191 consequi

164 1196 278 1281 possit,
305 1195 464 1260 Homines
483 1196 569 1261 enim
583 1196 786 1282 populariter
800 1219 921 1262 annum
934 1200 1064 1262 tantum
1077 1196 1182 1261 modo

166 1284 254 1368 solis,
276 1284 310 1348 id
333 1289 384 1349 est
406 1285 502 1349 unius
521 1283 612 1368 astri,
634 1285 742 1351 reditu
760 1287 952 1370 metiuntur,
975 1306 1047 1350 curn
1065 1287 1182 1350 autem

166 1372 207 1436 ad
242 1372 343 1457 idem,
378 1373 463 1437 unde
501 1374 601 1438 semel
633 1372 781 1458 profecta
813 1377 902 1454 sunt,
939 1377 1053 1438 cuncta
1086 1377 1182 1438 astra

164 1461 320 1524 redierint
348 1462 545 1545 eandemque
569 1461 671 1526 totius
695 1462 777 1527 caeli
800 1462 1042 1547 discriptionem
1065 1461 1180 1546 longis
1195 1476 1219 1517 1⁶

164 1549 347 1613 intervallis
380 1550 580 1632 rettulerint,
612 1552 683 1615 tum
714 1550 771 1614 ille
802 1573 878 1615 vere
908 1555 1038 1615 vertens
1072 1570 1180 1614 annus

164 1637 333 1789 {still
347 1638 691 1791 {ditescat
709 1638 814 1790 tlt
828 1639 935 1791 tlt?
943 1638 1180 1790 litat}

166 1813 215 1877 sol
234 1814 420 1879 hominibus
441 1801 668 1899 exstinguique
686 1815 775 1879 visus
795 1749 854 1896 eit,
875 1837 948 1879 cum
962 1813 1096 1878 Romuli
1110 1814 1177 1878 ani·

165 1923 237 1965 mus
264 1900 344 1966 haec
371 1902 443 1987 ipsa
469 1903 505 1967 in
531 1903 656 1987 templa
682 1903 880 1987 penetravit,
913 1902 1105 1986 quandoque
1133 1903 1175 1967 ab
1190 1919 1216 1958 ²⁰

166 1989 278 2054 eadem
305 1995 399 2074 parte
428 1992 478 2056 sol
504 1990 680 2074 eodemque
702 1994 850 2075 tempore
872 1990 992 2054 iterum
1014 1989 1176 2073 defecerit,

164 2080 236 2142 tum
260 2077 363 2163 signis
385 2079 535 2143 omnibus
555 2078 596 2142 ad
613 2079 808 2164 principium
828 2079 996 2161 stellisque
1014 2078 1175 2143 revocatis

165 2166 330 2250 expletum
358 2189 479 2231 annum
503 2166 639 2250 habet03
666 2168 756 2232 cuius
780 2167 910 2252 quidem
933 2166 1010 2231 anni
1032 2166 1175 2231 nondum

112 2307 132 2370 2
164 2254 353 2319 vicesimam
375 2258 504 2340 partem
528 2255 610 2320 scito
634 2277 704 2319 esse
728 2276 926 2321 conversam.

112 2311 155 2437 a?
230 2341 389 2418 Quocirca
416 2343 445 2407 si
471 2343 612 2408 reditum
638 2345 674 2408 in
700 2344 785 2409 hunc
812 2345 920 2409 locum
943 2343 1172 2428 desperaveris,
1185 2357 1210 2399 2⁶

164 2431 199 2494 in
233 2452 297 2515 quo
335 2431 445 2498 omnia
477 2436 554 2496 sunt
584 2432 714 2518 magnis
747 2435 780 2497 et
810 2431 1055 2517 praestantibus
1087 2431 1172 2514 viris,

165 2519 280 2603 quanti
307 2519 440 2585 tandem
468 2523 518 2584 est
545 2520 611 2584 ista
633 2519 801 2585 hominum
825 2521 944 2606 gloria,
972 2541 1054 2604 quae
1077 2520 1171 2604 perti·

164 2628 241 2671 nere
258 2607 314 2671 vix
333 2609 374 2672 ad
392 2608 487 2673 unius
507 2608 583 2672 anni
601 2611 729 2692 partem
748 2609 898 2694 exiguam
913 2608 1050 2694 potest?
1068 2607 1170 2692 Igitur

165 2695 232 2759 alte
256 2699 403 2780 spectare
426 2697 454 2760 si
476 2697 567 2761 voles
591 2700 689 2780 atque
712 2697 796 2762 hanc
819 2697 928 2761 sedem
952 2701 985 2760 et
1008 2699 1169 2760 aeternam

165 2782 296 2848 domum
320 2785 474 2868 contueri,
497 2805 601 2868 neque
624 2788 658 2848 te
681 2784 885 2849 sermonibus
903 2784 997 2870 vulgi
1014 2782 1167 2849 dedideris
1180 2799 1206 2840 ³⁰

163 2872 285 2936 necin
315 2873 468 2956 praemiis
495 2871 647 2937 humanis
676 2895 768 2957 spem
794 2873 942 2958 posueris
970 2893 1079 2936 rerum
1104 2875 1168 2936 tua

67 3016 69 3032 ,
164 2980 250 3044 rum3
278 2960 345 3025 suis
372 2964 406 3025 te
430 2963 561 3046 oportet
582 2960 753 3026 inlecebris
776 2961 849 3045 ipsa
870 2961 976 3026 virtus
999 2960 1111 3025 trahat
1131 2960 1168 3024 ad

164 3068 278 3112 verum
300 3049 410 3132 decus,
439 3049 516 3133 quid
539 3048 577 3112 de
600 3051 633 3113 te
657 3049 715 3113 alii
737 3049 926 3132 loquantur,
947 3049 1013 3134 ipsi
1034 3047 1168 3132 rideant,

165 3135 221 3199 sed
244 3135 419 3219 loquentur
441 3142 559 3201 tamen.
596 3133 709 3202 Sermo
733 3141 842 3201 autem
866 3136 971 3201 omnis
994 3135 1051 3200 ille
1069 3139 1103 3200 et
1119 3157 1167 3200 an·

163 3222 1200 3394 eltis“tilletstttnttrtttttltrtttttlt'⁶

165 3396 329 3461 oblivione
351 3400 556 3481 posteritatis
581 3401 790 3486 extinguitur.
