2630 3890
186 149 255 208 ΜΒ.
274 151 296 207 1.
316 148 392 206 OAP.
412 156 455 219 cr,
470 157 512 208 58.
531 157 711 218 §131—132.
735 149 803 208 ΜΒ.
817 152 853 208 11.
871 151 1010 208 ARGUM.
1046 153 1110 217 195

146 293 222 371 Qui
247 295 326 361 sibi
355 295 533 361 semitaim
559 317 635 361 non
661 295 834 379 sapiunt,
864 297 983 361 alteri
1010 319 1112 362 mon·

757 385 887 448 sirint
909 385 1025 469 viam3

147 470 295 548 Quibus
325 471 489 537 divitias
516 471 772 558 pollicentur,
804 473 849 537 cib
876 473 926 538 iis
954 472 1114 538 drachu-

656 582 753 625 mam
775 558 857 645 ipsi
876 564 1024 646 petunt.

147 647 202 713 De
238 646 300 712 his
337 647 492 713 divitiis
524 645 602 712 sibi
634 648 824 714 deducant
856 649 1113 732 drichumam,

699 737 864 802 reddant
887 740 1025 803 cetera.

103 824 213 910 Atque
236 824 317 889 baec
340 825 470 909 quidem
489 824 629 907 Ennius,
653 825 708 910 qui
730 825 842 910 paucis
866 829 942 890 ante
965 826 1113 892 versibus

76 934 176 978 sesso
204 912 281 977 deos
309 916 432 996 censet,
463 913 519 977 sed
546 934 601 978 eos
626 935 695 978 non
717 934 829 978 curare
853 915 1014 1000 opinatur,
1037 915 1114 999 quid

104 1004 184 1086 agat
206 1001 385 1065 humanum
408 1022 519 1088 genus.
558 1001 632 1087 Ego
655 1004 773 1085 autem,
796 1002 908 1087 quiet
931 1025 1043 1068 curare
1066 1025 1115 1068 ar·

103 1091 211 1154 bitror
235 1092 268 1154 ct
290 1111 421 1155 monere
444 1089 544 1154 etiam
567 1111 604 1154 ac
627 1090 732 1154 multa
754 1090 947 1175 praedicere,
970 1091 1114 1176 levitate,

103 1177 264 1262 vanitate,
293 1177 421 1242 malitia
451 1178 581 1243 exclusa
608 1177 842 1244 divinationem
867 1179 980 1263 probo.
1026 1178 1114 1256 Quae

104 1289 178 1332 cum
206 1265 341 1331 dixisset
363 1264 514 1351 Quintus,
540 1264 711 1331 Praeclare
738 1270 776 1331 tu
803 1267 946 1352 quidem,
972 1268 1115 1352 inquam,

62 1357 321 1441 reparatus...

502 1515 714 1524 -——-.—-...

351 1675 400 1748 n.
429 1675 591 1747 uuum
618 1674 865 1748 cromerus

269 1832 368 1930 DE
404 1832 950 1932 DIVINATIONE

401 2011 539 2072 LIBER
567 2011 818 2073 SECUNDUS.

411 2331 417 2342 -
463 2293 759 2356 ARGUMENTUM.

176 2425 238 2482 Hoc
255 2426 345 2482 altero
364 2426 399 2483 de
417 2426 593 2483 divinatione
611 2427 685 2482 libro
701 2425 797 2481 Cicero
816 2427 967 2496 postquam
984 2427 1021 2482 de
1034 2426 1115 2481 libris

107 2497 165 2553 suis
184 2499 249 2552 ante
267 2497 319 2552 hos
339 2498 374 2553 de
393 2496 568 2553 divinatione
586 2497 674 2552 libros
692 2497 805 2568 scriptis
822 2497 900 2552 etde
915 2497 1044 2552 omnibus
1059 2500 1116 2552 etu-

107 2569 162 2624 diis
181 2571 239 2623 suis
258 2569 388 2640 exposuit
405 2571 476 2639 (cap.
498 2577 521 2636 1,
540 2575 557 2624 2
575 2575 591 2636 ξ
612 2571 699 2638 1-7),
719 2570 816 2623 contra
833 2567 973 2623 rationem
992 2567 1116 2623 Stoicam

106 2657 132 2696 a
152 2639 183 2705 Q.
207 2638 293 2694 fratre
311 2639 384 2694 libro
404 2639 547 2710 superiore
565 2639 744 2710 explanatam
763 2641 793 2694 et
810 2637 954 2693 defensam
972 2639 1116 2710 disputare

105 2710 238 2767 instituit
270 2709 385 2765 Initium
403 2703 507 2765 facit‘a
521 2710 670 2765 Carneadis
689 2710 854 2780 argumento
873 2709 981 2763 nullam
999 2726 1060 2764 esse
1075 2709 1115 2763 di·

105 2781 278 2837 vinationem
298 2779 445 2849 censentis,
464 2781 539 2850 qnod
556 2781 636 2835 nulla
653 2780 692 2834 sit
705 2779 887 2834 divinationis
901 2780 1045 2849 tamquam
1058 2797 1115 2834 ma-

105 2853 200 2908 teries.
236 2851 350 2906 Nullam
378 2852 453 2907 enim
476 2868 537 2907 esee
560 2850 763 2907 divinationem
784 2866 874 2918 neque
898 2866 993 2906 aarum
1014 2867 1115 2920 rerum,

106 2940 178 2993 quae
197 2921 324 2978 sensibus
343 2923 542 2995 percipiantur,
560 2939 651 2992 neque
670 2938 773 2987 earum,
792 2937 863 2990 quae
876 2922 937 2977 arte
951 2922 1115 2988 tractentur,

105 2993 929 3120 {districtim:iitNttittittttti
943 2996 1115 3134 titii:

8 3163 10 3175 ι
107 3135 261 3191 dictionem
285 3136 315 3190 et
336 3135 562 3206 praesensionem
579 3151 670 3189 rerum
688 3132 878 3200 fortuitarum
901 3134 1021 3203 primum
1039 3132 1115 3188 enim

106 3208 216 3271 ventos,
235 3207 352 3260 eventus
370 3206 538 3274 morborum,
557 3206 646 3266 multa
659 3205 718 3260 alia
731 3220 792 3259 esee
805 3202 930 3271 fortuita,
949 3221 1006 3258 non
1019 3205 1115 3259 tamen

107 3293 122 3332 c
142 3277 301 3332 Stoicorum
318 3278 412 3331 mente
432 3275 599 3331 divinationi
617 3275 757 3343 subieotc3
776 3273 878 3329 deinde
897 3275 922 3329 si
940 3275 1058 3330 fortuita
1075 3273 1116 3329 di-

107 3350 214 3413 cantur,
234 3363 304 3416 quae
322 3364 412 3416 neque
431 3347 539 3402 ratione
557 3363 648 3417 neque
666 3347 725 3401 arte
743 3344 886 3417 provideri
904 3346 1023 3416 possint,
1042 3345 1117 3414 quod

106 3417 137 3472 in
160 3417 390 3490 fortunaposita
413 3417 482 3486 sint,
504 3417 611 3472 nullam
633 3434 717 3488 posse
735 3433 830 3471 earum
848 3433 940 3471 rerum
959 3433 1020 3472 esse
1037 3432 1117 3487 praa-
1227 3477 1237 3498 ὓ

106 3488 273 3545 sensionem.
311 3489 361 3543 Sin
383 3490 479 3544 autem
498 3487 588 3543 Stoici
604 3489 710 3559 negent
727 3504 788 3543 esse
806 3487 947 3543 fortunam
967 3489 997 3544 et
1015 3485 1116 3552 omnia,

849 3577 902 3632 13*
