2610 3894
165 210 230 275 134
476 206 526 261 DE
543 206 697 262 NATURA
714 205 870 261 DEORUM

162 352 316 441 perpauci
342 353 425 418 bene
451 355 602 436 utuntur,
631 351 687 435 qui
709 355 821 416 tamen
842 351 908 436 ipsi
931 373 1026 437 saepe
1047 374 1068 416 a
1090 351 1177 418 male

162 442 331 508 utentibus
356 441 594 526 opprimuntur,
618 440 872 504 innumerabiles
896 444 1006 504 autem
1028 440 1179 525 improbe

162 535 308 615 utuntur,
330 533 368 594 ut
392 530 512 594 donum
533 528 597 594 hoc
616 529 762 594 divinum
780 527 917 593 rationis
938 532 971 593 et
990 529 1117 594 consilii
1135 529 1179 596 ad
1300 539 1301 612 l

162 620 311 685 fraudem
328 617 525 701 hominibus,
542 639 609 682 non
628 617 669 682 ad
687 617 869 683 bonitatem
883 617 1088 702 impertitum
1106 639 1178 682 esse
1264 687 1271 694 ,
1300 633 1301 708 q

111 777 153 904 ἓξ
163 709 438 881 VldeSaddrirrgetis
455 793 633 859 identidem
649 793 820 859 hominum
839 814 909 860 esse
923 794 1023 859 istam
1037 794 1178 879 eulpam,
1206 725 1220 766 Β

163 908 230 951 non
253 885 400 967 deorum3
422 887 460 948 ut
483 883 512 947 si
534 882 677 948 medicus
702 882 899 968 gravitatem
922 882 1039 968 morbi,
1063 883 1179 969 guber-

162 977 261 1038 nator
279 973 346 1037 vim
364 971 571 1056 tempestatis
591 974 734 1054 accuset3
758 971 821 1035 etsi
839 971 875 1034 hi
894 971 1025 1055 quidem
1042 971 1179 1036 homun-

164 1062 242 1145 culi,
275 1060 331 1125 sed
363 1064 475 1124 tamen
501 1059 638 1124 ridiculi.
684 1057 763 1134 Quis
792 1059 878 1123 enim
905 1063 939 1124 te
967 1059 1179 1144 adhibuisset,

164 1150 282 1214 dixerit
313 1148 488 1233 quispiam,
519 1148 547 1212 si
576 1147 642 1212 ista
668 1169 735 1212 non
762 1148 893 1213 essent?
931 1145 1055 1213 Contra
1082 1148 1180 1213 deum
1193 1167 1221 1206 1⁰

164 1238 242 1303 licet
269 1237 435 1322 disputare
463 1235 608 1301 liberius.
653 1234 693 1299 In
719 1235 888 1300 hominum
916 1235 1006 1301 vitiis
1035 1236 1083 1301 ais
1107 1259 1180 1302 esse

164 1327 303 1411 culpam.
339 1325 423 1390 Eam
443 1325 585 1388 dedisses
603 1324 791 1389 hominibus
809 1324 980 1409 rationem,
999 1347 1082 1408 quae
1096 1325 1181 1390 vitia

164 1415 358 1500 culpamque
377 1413 568 1479 excluderet.
599 1411 667 1478 Ubi
685 1412 788 1498 igitur
802 1413 892 1478 locus
910 1413 974 1478 suit
988 1413 1092 1478 errori
1106 1414 1181 1478 deo·

165 1504 259 1569 rum?
287 1501 373 1567 Nam
392 1501 591 1587 patrimonia
609 1522 667 1586 spe
685 1500 767 1565 bene
785 1501 936 1566 tradendi
953 1501 1180 1586 relinquimus,

166 1614 230 1676 qua
247 1613 420 1676 possumus
434 1590 523 1674 falli,
542 1590 619 1654 deus
633 1589 708 1654 falli
722 1589 778 1674 qui
791 1589 922 1674 potuit?
945 1589 1000 1654 An
1013 1594 1051 1655 ut
1064 1587 1131 1675 Sol,
1144 1589 1181 1654 in
1195 1609 1221 1650 ιε

165 1702 294 1747 currum
317 1702 390 1745 cum
413 1678 654 1743 Phaethontem
676 1677 781 1742 filium
805 1678 952 1763 sustulit,
976 1682 1033 1743 aut
1055 1677 1180 1764 Neptu·

113 1869 146 1919 a
164 1767 1032 1940 ilis“lmseiliiiuialtilllthui'tt'elbillatti
1049 1770 1181 1920 *saa

165 1968 238 2010 rum
267 1945 333 2009 ista
363 1948 452 2028 sunt,
481 1965 541 2008 nos
571 1947 679 2008 autem
706 1942 896 2028 philosophi
924 1965 994 2008 esse
1017 1943 1179 2028 volumus,
1300 1953 1301 2008 t

165 2056 274 2099 rerum
298 2036 455 2116 auctores,
478 2053 545 2097 non
566 2032 761 2097 fabularum.
799 2031 909 2115 Atque
931 2031 967 2097 hi
985 2035 1096 2096 tamen
1113 2032 1181 2118 ipsi
1194 2051 1221 2091 eo

166 2121 200 2186 di
227 2121 347 2206 poetici
377 2121 406 2185 si
434 2119 572 2185 scissent
598 2121 781 2205 perniciosa
807 2120 878 2185 fore
905 2119 965 2184 illa
986 2120 1078 2205 filiis,
1107 2142 1180 2206 pec·

166 2231 257 2275 casse
279 2209 315 2273 in
337 2208 492 2273 beneficio
515 2211 718 2293 putarentur.
754 2207 808 2292 Et,
831 2208 860 2272 si
877 2229 990 2273 verum
1009 2212 1068 2294 est,
1092 2209 1181 2292 quod
1298 2247 1299 2250 =

165 2298 279 2362 Aristo
294 2295 395 2363 Chius
419 2297 524 2361 dicere
547 2297 684 2381 solebat,
706 2318 822 2362 nocere
845 2297 1050 2362 audientibus
1073 2297 1181 2382 philo-

166 2386 287 2472 sophos
306 2385 356 2469 iis,
380 2385 435 2469 qui
453 2384 535 2449 bene
554 2384 640 2450 dicta
658 2385 745 2449 male
758 2386 1052 2470 interpretarentur
1067 2386 1180 2471 (posse

166 2475 252 2540 enim
280 2478 389 2539 asotos
418 2495 457 2538 ex
484 2472 660 2558 Aristippi,
693 2473 827 2538 acerbos
854 2495 872 2538 e
900 2473 1037 2538 Zenonis
1065 2474 1181 2538 schola
1194 2491 1220 2533 rc

166 2559 281 2649 exire),
303 2583 447 2647 prorsus,
470 2561 507 2644 si,
531 2562 587 2645 qui
610 2561 789 2645 audiemmt,
813 2561 924 2626 vitiosi
948 2565 1057 2626 essent
1079 2561 1180 2628 dioes-
1300 2591 1301 2598 ³

166 2651 247 2736 suri,
278 2651 364 2735 quod
386 2671 537 2736 perverse
559 2649 831 2735 philosophorum
855 2650 1110 2735 disputationem
1132 2651 1181 2715 in·

165 2742 434 2825 terpretarentur,
456 2741 563 2803 tacere
586 2741 770 2822 praestaret
786 2738 993 2823 philosophis
1013 2761 1110 2823 quam
1129 2739 1180 2823 iis,

114 2835 147 2886 ⁷8
167 2829 223 2912 qui
250 2849 285 2892 se
313 2827 493 2911 audissent,
522 2847 647 2891 nocere.
692 2824 758 2909 Sic,
786 2826 815 2890 si
841 2825 990 2892 homines
1017 2828 1180 2892 rationem

166 2916 252 2981 bono
282 2916 418 2998 consilio
449 2937 469 2980 a
496 2914 545 2978 dis
572 2914 814 2979 immortalibus
839 2914 950 2980 datam
973 2915 1008 2978 in
1029 2914 1179 2982 fraudem
1193 2933 1221 2973 ευ

166 3003 391 3088 malitiamque
409 3006 611 3087 convertunt,
628 3025 696 3068 non
713 3003 783 3068 dari
801 3003 893 3067 illam
913 3026 1011 3088 quam
1032 3003 1104 3068 dari
1121 3004 1180 3069 hu-

166 3113 263 3156 mano
294 3091 406 3177 generi
432 3092 549 3156 melius
571 3091 643 3155 fuit.
688 3089 750 3176 Ut,
780 3091 810 3156 si
832 3091 975 3156 medicus
999 3091 1081 3156 sciat
1105 3114 1180 3158 eum
1300 3131 1301 3134 =

167 3182 347 3265 aegrotum,
367 3180 422 3264 qui
436 3181 543 3245 iussus
559 3180 603 3244 sit
615 3179 728 3244 vinum
742 3201 878 3264 sumere,
897 3181 1055 3245 meracius
1070 3202 1180 3266 sump-

165 3271 277 3331 turum
305 3268 481 3352 statimque
504 3268 699 3353 periturum,
727 3289 848 3354 magna
871 3268 914 3333 sit
935 3268 971 3332 in
994 3268 1104 3353 culpa,
1133 3269 1180 3335 sic

164 3358 277 3421 vestra
299 3354 365 3419 ista
387 3356 592 3440 providentia
614 3356 887 3442 reprehendenda,
913 3378 995 3440 quae
1017 3357 1179 3422 rationem
1194 3373 1220 3415 ³⁶
1300 3431 1301 3442 ,

167 3442 291 3506 dederit
313 3441 363 3527 iis,
386 3465 467 3526 quos
492 3445 601 3510 scierit
620 3466 659 3509 ea
676 3467 827 3530 perverse
847 3448 880 3508 et
898 3445 1034 3530 inprobe
1052 3467 1180 3510 usuros.
1300 3443 1301 3466 ³

166 3529 242 3596 Nisi
263 3529 349 3594 forte
373 3530 479 3596 dicitis
503 3555 576 3598 eam
597 3534 748 3599 nescisse.
784 3532 921 3599 Utinam
944 3532 1088 3617 quidem!
1116 3531 1182 3598 Sed
