<?xml version="1.0" encoding="UTF-8"?>
<!DOCTYPE html PUBLIC "-//W3C//DTD XHTML 1.0 Transitional//EN"
    "http://www.w3.org/TR/xhtml1/DTD/xhtml1-transitional.dtd">
<html xmlns="http://www.w3.org/1999/xhtml" xml:lang="en" lang="en">
 <head>
  <title>
</title>
<meta http-equiv="Content-Type" content="text/html;charset=utf-8" />
  <meta name='ocr-system' content='tesseract 3.04.00' />
  <meta name='ocr-capabilities' content='ocr_page ocr_carea ocr_par ocr_line ocrx_word'/>
</head>
<body>
  <div class='ocr_page' id='page_1' title='image "./scriptaquaemans02mullgoog_0447.png"; bbox 0 0 2578 3874; ppageno 0'>
   <div class='ocr_carea' id='block_1_1' title="bbox 222 137 841 204">
    <p class='ocr_par' dir='ltr' id='par_1_1' title="bbox 222 137 841 204">
     <span class='ocr_line' id='line_1_1' title="bbox 222 137 841 204; baseline 0.005 -14"><span class='ocrx_word' id='word_1_1' title='bbox 222 137 288 204; x_wconf 85' lang='lat'><strong>390</strong></span> <span class='ocrx_word' id='word_1_2' title='bbox 617 138 666 192; x_wconf 88' lang='lat' dir='ltr'><strong>nn</strong></span> <span class='ocrx_word' id='word_1_3' title='bbox 685 137 841 194; x_wconf 77' lang='lat' dir='ltr'><strong>uncinus</strong></span> 
     </span>
    </p>
   </div>
   <div class='ocr_carea' id='block_1_2' title="bbox 99 281 1284 3544">
    <p class='ocr_par' dir='ltr' id='par_1_2' title="bbox 99 281 1284 3544">
     <span class='ocr_line' id='line_1_2' title="bbox 221 281 1239 368; baseline 0.001 -20"><span class='ocrx_word' id='word_1_4' title='bbox 221 283 281 348; x_wconf 86' lang='lat' dir='ltr'><strong>deo</strong></span> <span class='ocrx_word' id='word_1_5' title='bbox 305 282 493 348; x_wconf 74' lang='lat' dir='ltr'><strong>similitudo.</strong></span> <span class='ocrx_word' id='word_1_6' title='bbox 529 281 623 358; x_wconf 82' lang='lat' dir='ltr'><strong>Quod</strong></span> <span class='ocrx_word' id='word_1_7' title='bbox 645 304 744 367; x_wconf 89' lang='lat' dir='ltr'><strong>quom</strong></span> <span class='ocrx_word' id='word_1_8' title='bbox 765 283 815 348; x_wconf 92' lang='lat' dir='ltr'><strong>ita</strong></span> <span class='ocrx_word' id='word_1_9' title='bbox 832 283 886 367; x_wconf 79' lang='lat' dir='ltr'><strong>sit,</strong></span> <span class='ocrx_word' id='word_1_10' title='bbox 909 305 992 368; x_wconf 90' lang='lat' dir='ltr'><strong>quae</strong></span> <span class='ocrx_word' id='word_1_11' title='bbox 1009 284 1147 348; x_wconf 89' lang='lat' dir='ltr'><strong>tandem</strong></span> <span class='ocrx_word' id='word_1_12' title='bbox 1166 306 1239 349; x_wconf 88' lang='lat' dir='ltr'><strong>esse</strong></span> 
     </span>
     <span class='ocr_line' id='line_1_3' title="bbox 221 367 1284 457; baseline -0.004 -21"><span class='ocrx_word' id='word_1_13' title='bbox 221 374 331 457; x_wconf 88' lang='lat' dir='ltr'><strong>potest</strong></span> <span class='ocrx_word' id='word_1_14' title='bbox 349 371 483 457; x_wconf 81' lang='lat' dir='ltr'><strong>propior</strong></span> <span class='ocrx_word' id='word_1_15' title='bbox 501 371 658 436; x_wconf 86' lang='lat' dir='ltr'><strong>certiorve</strong></span> <span class='ocrx_word' id='word_1_16' title='bbox 673 371 849 456; x_wconf 82' lang='lat' dir='ltr'><strong>cognatio?</strong></span> <span class='ocrx_word' id='word_1_17' title='bbox 875 370 992 456; x_wconf 87' lang='lat' dir='ltr'><strong>Itaque</strong></span> <span class='ocrx_word' id='word_1_18' title='bbox 1007 372 1048 437; x_wconf 91' lang='lat' dir='ltr'><strong>ad</strong></span> <span class='ocrx_word' id='word_1_19' title='bbox 1060 372 1239 438; x_wconf 90' lang='lat' dir='ltr'><strong>hominum</strong></span> <span class='ocrx_word' id='word_1_20' title='bbox 1283 367 1284 432; x_wconf 76' lang='lat'>3</span> 
     </span>
     <span class='ocr_line' id='line_1_4' title="bbox 221 459 1239 526; baseline 0.005 -1"><span class='ocrx_word' id='word_1_21' title='bbox 221 459 470 526; x_wconf 73' lang='lat' dir='ltr'><strong>commoditates</strong></span> <span class='ocrx_word' id='word_1_22' title='bbox 489 462 522 524; x_wconf 91' lang='lat' dir='ltr'><strong>et</strong></span> <span class='ocrx_word' id='word_1_23' title='bbox 540 481 617 524; x_wconf 87' lang='lat' dir='ltr'><strong>usus</strong></span> <span class='ocrx_word' id='word_1_24' title='bbox 635 463 763 524; x_wconf 89' lang='lat' dir='ltr'><strong>tantam</strong></span> <span class='ocrx_word' id='word_1_25' title='bbox 781 481 892 524; x_wconf 85' lang='lat' dir='ltr'><strong>rerum</strong></span> <span class='ocrx_word' id='word_1_26' title='bbox 909 460 1094 526; x_wconf 86' lang='lat' dir='ltr'><strong>ubertatem</strong></span> <span class='ocrx_word' id='word_1_27' title='bbox 1112 465 1239 526; x_wconf 88' lang='lat' dir='ltr'><strong>natura</strong></span> 
     </span>
     <span class='ocr_line' id='line_1_5' title="bbox 221 535 1238 634; baseline 0 -20"><span class='ocrx_word' id='word_1_28' title='bbox 221 548 343 634; x_wconf 82' lang='lat' dir='ltr'><strong>largita</strong></span> <span class='ocrx_word' id='word_1_29' title='bbox 370 552 433 632; x_wconf 84' lang='lat' dir='ltr'><strong>est,</strong></span> <span class='ocrx_word' id='word_1_30' title='bbox 463 550 501 611; x_wconf 93' lang='lat' dir='ltr'><strong>ut</strong></span> <span class='ocrx_word' id='word_1_31' title='bbox 528 569 579 632; x_wconf 83' lang='lat' dir='ltr'><strong>ea,</strong></span> <span class='ocrx_word' id='word_1_32' title='bbox 609 569 691 632; x_wconf 90' lang='lat' dir='ltr'><strong>quae</strong></span> <span class='ocrx_word' id='word_1_33' title='bbox 711 535 908 634; x_wconf 78' lang='lat' dir='ltr'><strong>&#39;gignuntur‚</strong></span> <span class='ocrx_word' id='word_1_34' title='bbox 937 548 1059 614; x_wconf 89' lang='lat' dir='ltr'><strong>donata</strong></span> <span class='ocrx_word' id='word_1_35' title='bbox 1082 550 1238 615; x_wconf 89' lang='lat' dir='ltr'><strong>consulto</strong></span> 
     </span>
     <span class='ocr_line' id='line_1_6' title="bbox 220 636 1270 722; baseline 0.002 -21"><span class='ocrx_word' id='word_1_36' title='bbox 220 637 325 719; x_wconf 91' lang='lat' dir='ltr'><strong>nobis,</strong></span> <span class='ocrx_word' id='word_1_37' title='bbox 347 658 413 702; x_wconf 90' lang='lat' dir='ltr'><strong>non</strong></span> <span class='ocrx_word' id='word_1_38' title='bbox 430 636 567 701; x_wconf 85' lang='lat' dir='ltr'><strong>fortuito</strong></span> <span class='ocrx_word' id='word_1_39' title='bbox 585 640 665 701; x_wconf 88' lang='lat' dir='ltr'><strong>nata</strong></span> <span class='ocrx_word' id='word_1_40' title='bbox 681 636 861 720; x_wconf 85' lang='lat' dir='ltr'><strong>videantur,</strong></span> <span class='ocrx_word' id='word_1_41' title='bbox 879 658 938 702; x_wconf 89' lang='lat' dir='ltr'><strong>nec</strong></span> <span class='ocrx_word' id='word_1_42' title='bbox 957 637 1063 702; x_wconf 90' lang='lat' dir='ltr'><strong>solum</strong></span> <span class='ocrx_word' id='word_1_43' title='bbox 1082 660 1132 722; x_wconf 89' lang='lat' dir='ltr'><strong>ea,</strong></span> <span class='ocrx_word' id='word_1_44' title='bbox 1152 660 1238 722; x_wconf 84' lang='lat' dir='ltr'><strong>quae</strong></span> <span class='ocrx_word' id='word_1_45' title='bbox 1260 657 1270 695; x_wconf 80' lang='lat'><strong>⁵</strong></span> 
     </span>
     <span class='ocr_line' id='line_1_7' title="bbox 220 723 1238 810; baseline 0.002 -21"><span class='ocrx_word' id='word_1_46' title='bbox 220 724 370 810; x_wconf 82' lang='lat' dir='ltr'><strong>frugibus</strong></span> <span class='ocrx_word' id='word_1_47' title='bbox 403 728 500 808; x_wconf 89' lang='lat' dir='ltr'><strong>atque</strong></span> <span class='ocrx_word' id='word_1_48' title='bbox 531 724 621 790; x_wconf 89' lang='lat' dir='ltr'><strong>bacis</strong></span> <span class='ocrx_word' id='word_1_49' title='bbox 653 728 759 789; x_wconf 89' lang='lat' dir='ltr'><strong>terrae</strong></span> <span class='ocrx_word' id='word_1_50' title='bbox 790 723 861 789; x_wconf 86' lang='lat' dir='ltr'><strong>fetu</strong></span> <span class='ocrx_word' id='word_1_51' title='bbox 887 724 1144 810; x_wconf 87' lang='lat' dir='ltr'><strong>profunduntur,</strong></span> <span class='ocrx_word' id='word_1_52' title='bbox 1180 727 1238 792; x_wconf 88' lang='lat' dir='ltr'><strong>sed</strong></span> 
     </span>
     <span class='ocr_line' id='line_1_8' title="bbox 221 813 1237 899; baseline 0.003 -22"><span class='ocrx_word' id='word_1_53' title='bbox 221 813 321 877; x_wconf 89' lang='lat' dir='ltr'><strong>etiam</strong></span> <span class='ocrx_word' id='word_1_54' title='bbox 347 813 498 898; x_wconf 86' lang='lat' dir='ltr'><strong>pecudes,</strong></span> <span class='ocrx_word' id='word_1_55' title='bbox 527 813 614 897; x_wconf 90' lang='lat' dir='ltr'><strong>quod</strong></span> <span class='ocrx_word' id='word_1_56' title='bbox 634 813 842 898; x_wconf 88' lang='lat' dir='ltr'><strong>perspicuum</strong></span> <span class='ocrx_word' id='word_1_57' title='bbox 864 813 921 897; x_wconf 88' lang='lat' dir='ltr'><strong>sit,</strong></span> <span class='ocrx_word' id='word_1_58' title='bbox 950 814 1072 899; x_wconf 87' lang='lat' dir='ltr'><strong>partim</strong></span> <span class='ocrx_word' id='word_1_59' title='bbox 1097 836 1172 880; x_wconf 89' lang='lat' dir='ltr'><strong>esse</strong></span> <span class='ocrx_word' id='word_1_60' title='bbox 1196 815 1237 880; x_wconf 90' lang='lat' dir='ltr'><strong>ad</strong></span> 
     </span>
     <span class='ocr_line' id='line_1_9' title="bbox 220 900 1236 987; baseline 0.002 -21"><span class='ocrx_word' id='word_1_61' title='bbox 220 923 316 966; x_wconf 89' lang='lat' dir='ltr'><strong>usum</strong></span> <span class='ocrx_word' id='word_1_62' title='bbox 333 901 510 984; x_wconf 86' lang='lat' dir='ltr'><strong>hominum,</strong></span> <span class='ocrx_word' id='word_1_63' title='bbox 532 901 654 986; x_wconf 89' lang='lat' dir='ltr'><strong>partim</strong></span> <span class='ocrx_word' id='word_1_64' title='bbox 673 901 714 966; x_wconf 92' lang='lat' dir='ltr'><strong>ad</strong></span> <span class='ocrx_word' id='word_1_65' title='bbox 731 900 882 985; x_wconf 85' lang='lat' dir='ltr'><strong>fructum,</strong></span> <span class='ocrx_word' id='word_1_66' title='bbox 902 902 1024 987; x_wconf 88' lang='lat' dir='ltr'><strong>partim</strong></span> <span class='ocrx_word' id='word_1_67' title='bbox 1044 902 1085 967; x_wconf 89' lang='lat' dir='ltr'><strong>ad</strong></span> <span class='ocrx_word' id='word_1_68' title='bbox 1103 925 1236 968; x_wconf 81' lang='lat' dir='ltr'><strong>vescen-</strong></span> 
     </span>
     <span class='ocr_line' id='line_1_10' title="bbox 167 989 1284 1077; baseline 0.006 -26"><span class='ocrx_word' id='word_1_69' title='bbox 167 1001 202 1052; x_wconf 78' lang='lat'><strong>26</strong></span> <span class='ocrx_word' id='word_1_70' title='bbox 219 989 299 1058; x_wconf 69' lang='lat' dir='ltr'><strong>¹dum</strong></span> <span class='ocrx_word' id='word_1_71' title='bbox 329 992 526 1075; x_wconf 87' lang='lat' dir='ltr'><strong>procreatas.</strong></span> <span class='ocrx_word' id='word_1_72' title='bbox 571 989 670 1054; x_wconf 88' lang='lat' dir='ltr'><strong>Artes</strong></span> <span class='ocrx_word' id='word_1_73' title='bbox 697 1011 774 1054; x_wconf 85' lang='lat' dir='ltr'><strong>vero</strong></span> <span class='ocrx_word' id='word_1_74' title='bbox 802 990 1055 1056; x_wconf 89' lang='lat' dir='ltr'><strong>innumerabiles</strong></span> <span class='ocrx_word' id='word_1_75' title='bbox 1083 996 1236 1077; x_wconf 77' lang='lat' dir='ltr'>repertae</span> <span class='ocrx_word' id='word_1_76' title='bbox 1283 1023 1284 1046; x_wconf 40' lang='grc' dir='ltr'><strong>κ</strong></span> 
     </span>
     <span class='ocr_line' id='line_1_11' title="bbox 221 1077 1284 1162; baseline 0.004 -19"><span class='ocrx_word' id='word_1_77' title='bbox 221 1082 298 1143; x_wconf 89' lang='lat' dir='ltr'><strong>sunt</strong></span> <span class='ocrx_word' id='word_1_78' title='bbox 321 1078 455 1144; x_wconf 77' lang='lat' dir='ltr'><strong>docente</strong></span> <span class='ocrx_word' id='word_1_79' title='bbox 475 1082 606 1162; x_wconf 84' lang='lat' dir='ltr'><strong>natura3</strong></span> <span class='ocrx_word' id='word_1_80' title='bbox 629 1099 727 1162; x_wconf 88' lang='lat' dir='ltr'><strong>quam</strong></span> <span class='ocrx_word' id='word_1_81' title='bbox 744 1077 875 1142; x_wconf 90' lang='lat' dir='ltr'><strong>imitata</strong></span> <span class='ocrx_word' id='word_1_82' title='bbox 892 1079 978 1144; x_wconf 88' lang='lat' dir='ltr'><strong>ratio</strong></span> <span class='ocrx_word' id='word_1_83' title='bbox 997 1101 1050 1144; x_wconf 85' lang='lat' dir='ltr'><strong>res</strong></span> <span class='ocrx_word' id='word_1_84' title='bbox 1069 1079 1111 1145; x_wconf 90' lang='lat' dir='ltr'><strong>ad</strong></span> <span class='ocrx_word' id='word_1_85' title='bbox 1130 1081 1235 1146; x_wconf 82' lang='lat' dir='ltr'><strong>vitam</strong></span> <span class='ocrx_word' id='word_1_86' title='bbox 1247 1100 1284 1158; x_wconf 51' lang='lat'><strong>1⁰¹</strong></span> 
     </span>
     <span class='ocr_line' id='line_1_12' title="bbox 125 1155 1236 1253; baseline 0.002 -22"><span class='ocrx_word' id='word_1_87' title='bbox 125 1155 155 1178; x_wconf 49' lang='lat'>⁸</span> <span class='ocrx_word' id='word_1_88' title='bbox 181 1167 202 1231; x_wconf 85' lang='lat'>9</span> <span class='ocrx_word' id='word_1_89' title='bbox 221 1166 419 1232; x_wconf 87' lang='lat' dir='ltr'><strong>necessarias</strong></span> <span class='ocrx_word' id='word_1_90' title='bbox 444 1166 595 1230; x_wconf 84' lang='lat' dir='ltr'><strong>sollerter</strong></span> <span class='ocrx_word' id='word_1_91' title='bbox 618 1169 791 1231; x_wconf 88' lang='lat' dir='ltr'><strong>consecuta</strong></span> <span class='ocrx_word' id='word_1_92' title='bbox 813 1169 873 1232; x_wconf 87' lang='lat' dir='ltr'><strong>est.</strong></span> <span class='ocrx_word' id='word_1_93' title='bbox 911 1166 1024 1253; x_wconf 91' lang='lat' dir='ltr'><strong>Ipsum</strong></span> <span class='ocrx_word' id='word_1_94' title='bbox 1047 1172 1161 1233; x_wconf 91' lang='lat' dir='ltr'><strong>autem</strong></span> <span class='ocrx_word' id='word_1_95' title='bbox 1179 1169 1236 1234; x_wconf 82' lang='lat' dir='ltr'><strong>ho</strong></span> 
     </span>
     <span class='ocr_line' id='line_1_13' title="bbox 221 1253 1235 1323; baseline 0.004 -4"><span class='ocrx_word' id='word_1_96' title='bbox 221 1254 341 1320; x_wconf 88' lang='lat' dir='ltr'><strong>minem</strong></span> <span class='ocrx_word' id='word_1_97' title='bbox 364 1253 476 1319; x_wconf 89' lang='lat' dir='ltr'><strong>eadem</strong></span> <span class='ocrx_word' id='word_1_98' title='bbox 499 1258 618 1319; x_wconf 91' lang='lat' dir='ltr'><strong>natura</strong></span> <span class='ocrx_word' id='word_1_99' title='bbox 639 1277 706 1320; x_wconf 92' lang='lat' dir='ltr'><strong>non</strong></span> <span class='ocrx_word' id='word_1_100' title='bbox 729 1255 835 1320; x_wconf 87' lang='lat' dir='ltr'><strong>solum</strong></span> <span class='ocrx_word' id='word_1_101' title='bbox 858 1255 1025 1320; x_wconf 88' lang='lat' dir='ltr'><strong>celeritate</strong></span> <span class='ocrx_word' id='word_1_102' title='bbox 1043 1257 1167 1321; x_wconf 89' lang='lat' dir='ltr'><strong>mentis</strong></span> <span class='ocrx_word' id='word_1_103' title='bbox 1187 1279 1235 1323; x_wconf 90' lang='lat' dir='ltr'><strong>or-</strong></span> 
     </span>
     <span class='ocr_line' id='line_1_14' title="bbox 221 1342 1234 1427; baseline 0.005 -21"><span class='ocrx_word' id='word_1_104' title='bbox 221 1343 325 1427; x_wconf 83' lang='lat' dir='ltr'><strong>navit,</strong></span> <span class='ocrx_word' id='word_1_105' title='bbox 355 1342 411 1406; x_wconf 89' lang='lat' dir='ltr'><strong>scd</strong></span> <span class='ocrx_word' id='word_1_106' title='bbox 438 1346 471 1407; x_wconf 88' lang='lat' dir='ltr'><strong>et</strong></span> <span class='ocrx_word' id='word_1_107' title='bbox 499 1363 613 1407; x_wconf 88' lang='lat' dir='ltr'><strong>sensus</strong></span> <span class='ocrx_word' id='word_1_108' title='bbox 636 1345 805 1427; x_wconf 87' lang='lat' dir='ltr'><strong>tamquam</strong></span> <span class='ocrx_word' id='word_1_109' title='bbox 828 1343 988 1409; x_wconf 71' lang='lat' dir='ltr'>satellites</span> <span class='ocrx_word' id='word_1_110' title='bbox 1012 1344 1175 1410; x_wconf 80' lang='lat' dir='ltr'><strong>adtribuit</strong></span> <span class='ocrx_word' id='word_1_111' title='bbox 1198 1368 1234 1411; x_wconf 87' lang='lat' dir='ltr'><strong>ac</strong></span> 
     </span>
     <span class='ocr_line' id='line_1_15' title="bbox 220 1431 1280 1515; baseline 0.003 -19"><span class='ocrx_word' id='word_1_112' title='bbox 220 1431 352 1496; x_wconf 85' lang='lat' dir='ltr'><strong>nuntios</strong></span> <span class='ocrx_word' id='word_1_113' title='bbox 381 1433 414 1496; x_wconf 93' lang='lat' dir='ltr'><strong>et</strong></span> <span class='ocrx_word' id='word_1_114' title='bbox 440 1452 549 1496; x_wconf 87' lang='lat' dir='ltr'><strong>rernm</strong></span> <span class='ocrx_word' id='word_1_115' title='bbox 575 1431 790 1515; x_wconf 85' lang='lat' dir='ltr'><strong>plurimarum</strong></span> <span class='ocrx_word' id='word_1_116' title='bbox 818 1432 973 1497; x_wconf 87' lang='lat' dir='ltr'><strong>obscuras</strong></span> <span class='ocrx_word' id='word_1_117' title='bbox 999 1454 1059 1498; x_wconf 88' lang='lat' dir='ltr'><strong>nee</strong></span> <span class='ocrx_word' id='word_1_118' title='bbox 1082 1433 1182 1500; x_wconf 89' lang='lat' dir='ltr'><strong>satis.</strong></span> <span class='ocrx_word' id='word_1_119' title='bbox 1199 1486 1227 1501; x_wconf 90' lang='lat'><strong>..</strong></span> <span class='ocrx_word' id='word_1_120' title='bbox 1277 1442 1280 1450; x_wconf 88' lang='lat'>&#39;</span> 
     </span>
     <span class='ocr_line' id='line_1_16' title="bbox 220 1518 1268 1606; baseline 0.005 -22"><span class='ocrx_word' id='word_1_121' title='bbox 220 1518 462 1605; x_wconf 85' lang='lat' dir='ltr'><strong>intellegentias</strong></span> <span class='ocrx_word' id='word_1_122' title='bbox 497 1518 664 1584; x_wconf 79' lang='lat' dir='ltr'><strong>inchoavit</strong></span> <span class='ocrx_word' id='word_1_123' title='bbox 700 1519 793 1603; x_wconf 87' lang='lat' dir='ltr'><strong>quasi</strong></span> <span class='ocrx_word' id='word_1_124' title='bbox 828 1518 1040 1586; x_wconf 85' lang='lat' dir='ltr'><strong>fundamenta</strong></span> <span class='ocrx_word' id='word_1_125' title='bbox 1072 1522 1268 1606; x_wconf 77' lang='lat' dir='ltr'><strong>quaedam1⁵</strong></span> 
     </span>
     <span class='ocr_line' id='line_1_17' title="bbox 221 1607 1234 1694; baseline 0.004 -22"><span class='ocrx_word' id='word_1_126' title='bbox 221 1608 375 1672; x_wconf 78' lang='lat' dir='ltr'><strong>scientiae</strong></span> <span class='ocrx_word' id='word_1_127' title='bbox 404 1607 608 1693; x_wconf 81' lang='lat' dir='ltr'><strong>figuramque</strong></span> <span class='ocrx_word' id='word_1_128' title='bbox 636 1607 782 1692; x_wconf 89' lang='lat' dir='ltr'><strong>corporis</strong></span> <span class='ocrx_word' id='word_1_129' title='bbox 809 1607 954 1674; x_wconf 88' lang='lat' dir='ltr'><strong>habilem</strong></span> <span class='ocrx_word' id='word_1_130' title='bbox 982 1612 1015 1674; x_wconf 90' lang='lat' dir='ltr'><strong>et</strong></span> <span class='ocrx_word' id='word_1_131' title='bbox 1042 1613 1157 1694; x_wconf 89' lang='lat' dir='ltr'><strong>aptam</strong></span> <span class='ocrx_word' id='word_1_132' title='bbox 1185 1612 1234 1676; x_wconf 91' lang='lat' dir='ltr'><strong>in-</strong></span> 
     </span>
     <span class='ocr_line' id='line_1_18' title="bbox 222 1694 1284 1781; baseline 0.005 -21"><span class='ocrx_word' id='word_1_133' title='bbox 222 1695 317 1781; x_wconf 84' lang='lat' dir='ltr'><strong>genio</strong></span> <span class='ocrx_word' id='word_1_134' title='bbox 344 1696 486 1760; x_wconf 89' lang='lat' dir='ltr'><strong>humano</strong></span> <span class='ocrx_word' id='word_1_135' title='bbox 515 1694 610 1760; x_wconf 90' lang='lat' dir='ltr'><strong>dedit.</strong></span> <span class='ocrx_word' id='word_1_136' title='bbox 655 1694 742 1760; x_wconf 89' lang='lat' dir='ltr'><strong>Nam</strong></span> <span class='ocrx_word' id='word_1_137' title='bbox 770 1718 868 1781; x_wconf 90' lang='lat' dir='ltr'><strong>quom</strong></span> <span class='ocrx_word' id='word_1_138' title='bbox 895 1700 1019 1762; x_wconf 88' lang='lat' dir='ltr'><strong>ceteras</strong></span> <span class='ocrx_word' id='word_1_139' title='bbox 1048 1699 1233 1765; x_wconf 89' lang='lat' dir='ltr'><strong>animantes</strong></span> <span class='ocrx_word' id='word_1_140' title='bbox 1283 1767 1284 1780; x_wconf 20' lang='lat'>¹</span> 
     </span>
     <span class='ocr_line' id='line_1_19' title="bbox 221 1783 1234 1868; baseline 0.007 -21"><span class='ocrx_word' id='word_1_141' title='bbox 221 1783 393 1849; x_wconf 90' lang='lat' dir='ltr'><strong>abiecisset</strong></span> <span class='ocrx_word' id='word_1_142' title='bbox 425 1783 466 1848; x_wconf 88' lang='lat' dir='ltr'><strong>ad</strong></span> <span class='ocrx_word' id='word_1_143' title='bbox 494 1788 638 1868; x_wconf 83' lang='lat' dir='ltr'><strong>pastum,</strong></span> <span class='ocrx_word' id='word_1_144' title='bbox 671 1784 777 1848; x_wconf 88' lang='lat' dir='ltr'><strong>solum</strong></span> <span class='ocrx_word' id='word_1_145' title='bbox 806 1784 971 1850; x_wconf 88' lang='lat' dir='ltr'><strong>hominem</strong></span> <span class='ocrx_word' id='word_1_146' title='bbox 999 1787 1101 1850; x_wconf 88' lang='lat' dir='ltr'><strong>erexit</strong></span> <span class='ocrx_word' id='word_1_147' title='bbox 1130 1791 1166 1852; x_wconf 91' lang='lat' dir='ltr'><strong>et</strong></span> <span class='ocrx_word' id='word_1_148' title='bbox 1194 1789 1234 1854; x_wconf 91' lang='lat' dir='ltr'><strong>ad</strong></span> 
     </span>
     <span class='ocr_line' id='line_1_20' title="bbox 221 1871 1284 1962; baseline 0.007 -26"><span class='ocrx_word' id='word_1_149' title='bbox 221 1872 303 1936; x_wconf 82' lang='lat' dir='ltr'><strong>caeli</strong></span> <span class='ocrx_word' id='word_1_150' title='bbox 330 1871 423 1956; x_wconf 91' lang='lat' dir='ltr'><strong>quasi</strong></span> <span class='ocrx_word' id='word_1_151' title='bbox 450 1872 653 1958; x_wconf 84' lang='lat' dir='ltr'><strong>cognationis</strong></span> <span class='ocrx_word' id='word_1_152' title='bbox 682 1871 899 1957; x_wconf 88' lang='lat' dir='ltr'><strong>domiciliique</strong></span> <span class='ocrx_word' id='word_1_153' title='bbox 926 1873 1059 1959; x_wconf 87' lang='lat' dir='ltr'><strong>pristini</strong></span> <span class='ocrx_word' id='word_1_154' title='bbox 1081 1897 1234 1962; x_wconf 87' lang='lat' dir='ltr'><strong>eonspec-</strong></span> <span class='ocrx_word' id='word_1_155' title='bbox 1283 1947 1284 1954; x_wconf 9' lang='grc' dir='ltr'>χ</span> 
     </span>
     <span class='ocr_line' id='line_1_21' title="bbox 220 1955 1284 2047; baseline 0.006 -24"><span class='ocrx_word' id='word_1_156' title='bbox 220 1963 291 2024; x_wconf 92' lang='lat' dir='ltr'><strong>tum</strong></span> <span class='ocrx_word' id='word_1_157' title='bbox 319 1960 485 2044; x_wconf 80' lang='lat' dir='ltr'><strong>excitarit,</strong></span> <span class='ocrx_word' id='word_1_158' title='bbox 510 1964 581 2025; x_wconf 91' lang='lat' dir='ltr'><strong>tum</strong></span> <span class='ocrx_word' id='word_1_159' title='bbox 609 1961 749 2045; x_wconf 89' lang='lat' dir='ltr'><strong>speciem</strong></span> <span class='ocrx_word' id='word_1_160' title='bbox 775 1961 823 2026; x_wconf 92' lang='lat' dir='ltr'><strong>ita</strong></span> <span class='ocrx_word' id='word_1_161' title='bbox 849 1960 1006 2027; x_wconf 83' lang='lat' dir='ltr'><strong>formarit</strong></span> <span class='ocrx_word' id='word_1_162' title='bbox 1029 1963 1109 2047; x_wconf 89' lang='lat' dir='ltr'><strong>oris,</strong></span> <span class='ocrx_word' id='word_1_163' title='bbox 1137 1969 1177 2028; x_wconf 92' lang='lat' dir='ltr'><strong>ut</strong></span> <span class='ocrx_word' id='word_1_164' title='bbox 1198 1966 1233 2029; x_wconf 91' lang='lat' dir='ltr'><strong>in</strong></span> <span class='ocrx_word' id='word_1_165' title='bbox 1246 1955 1284 2021; x_wconf 60' lang='lat'><strong>²0¹</strong></span> 
     </span>
     <span class='ocr_line' id='line_1_22' title="bbox 99 2047 1233 2136; baseline 0.006 -26"><span class='ocrx_word' id='word_1_166' title='bbox 99 2081 102 2086; x_wconf 93' lang='lat'>·</span> <span class='ocrx_word' id='word_1_167' title='bbox 166 2057 201 2110; x_wconf 68' lang='lat'><strong>27</strong></span> <span class='ocrx_word' id='word_1_168' title='bbox 221 2070 259 2112; x_wconf 92' lang='lat' dir='ltr'><strong>ea</strong></span> <span class='ocrx_word' id='word_1_169' title='bbox 286 2047 414 2133; x_wconf 89' lang='lat' dir='ltr'><strong>penitus</strong></span> <span class='ocrx_word' id='word_1_170' title='bbox 440 2049 624 2114; x_wconf 89' lang='lat' dir='ltr'><strong>reconditos</strong></span> <span class='ocrx_word' id='word_1_171' title='bbox 647 2070 754 2114; x_wconf 89' lang='lat' dir='ltr'><strong>mores</strong></span> <span class='ocrx_word' id='word_1_172' title='bbox 778 2049 961 2136; x_wconf 82' lang='lat' dir='ltr'><strong>effingeret3</strong></span> <span class='ocrx_word' id='word_1_173' title='bbox 987 2055 1122 2116; x_wconf 90' lang='lat' dir='ltr'><strong>namet</strong></span> <span class='ocrx_word' id='word_1_174' title='bbox 1146 2054 1233 2119; x_wconf 87' lang='lat' dir='ltr'><strong>oculi</strong></span> 
     </span>
     <span class='ocr_line' id='line_1_23' title="bbox 219 2136 1232 2227; baseline 0.006 -27"><span class='ocrx_word' id='word_1_175' title='bbox 219 2136 317 2200; x_wconf 88' lang='lat' dir='ltr'><strong>nimis</strong></span> <span class='ocrx_word' id='word_1_176' title='bbox 345 2137 468 2222; x_wconf 81' lang='lat' dir='ltr'><strong>arguti,</strong></span> <span class='ocrx_word' id='word_1_177' title='bbox 496 2159 592 2221; x_wconf 91' lang='lat' dir='ltr'><strong>quem</strong></span> <span class='ocrx_word' id='word_1_178' title='bbox 620 2137 661 2201; x_wconf 89' lang='lat' dir='ltr'><strong>ad</strong></span> <span class='ocrx_word' id='word_1_179' title='bbox 687 2137 820 2202; x_wconf 90' lang='lat' dir='ltr'><strong>modum</strong></span> <span class='ocrx_word' id='word_1_180' title='bbox 847 2138 956 2204; x_wconf 92' lang='lat' dir='ltr'><strong>animo</strong></span> <span class='ocrx_word' id='word_1_181' title='bbox 984 2139 1092 2205; x_wconf 86' lang='lat' dir='ltr'><strong>affecti</strong></span> <span class='ocrx_word' id='word_1_182' title='bbox 1120 2141 1232 2227; x_wconf 83' lang='lat' dir='ltr'><strong>simus,</strong></span> 
     </span>
     <span class='ocr_line' id='line_1_24' title="bbox 220 2225 1233 2312; baseline 0.006 -24"><span class='ocrx_word' id='word_1_183' title='bbox 220 2225 410 2310; x_wconf 87' lang='lat' dir='ltr'><strong>loquuntur,</strong></span> <span class='ocrx_word' id='word_1_184' title='bbox 438 2229 472 2289; x_wconf 93' lang='lat' dir='ltr'><strong>et</strong></span> <span class='ocrx_word' id='word_1_185' title='bbox 493 2225 535 2308; x_wconf 87' lang='lat' dir='ltr'><strong>is,</strong></span> <span class='ocrx_word' id='word_1_186' title='bbox 564 2225 619 2309; x_wconf 90' lang='lat' dir='ltr'><strong>qui</strong></span> <span class='ocrx_word' id='word_1_187' title='bbox 642 2226 828 2310; x_wconf 87' lang='lat' dir='ltr'><strong>appellatur</strong></span> <span class='ocrx_word' id='word_1_188' title='bbox 849 2227 974 2311; x_wconf 82' lang='lat' dir='ltr'><strong>vultus,</strong></span> <span class='ocrx_word' id='word_1_189' title='bbox 1002 2227 1059 2312; x_wconf 90' lang='lat' dir='ltr'><strong>qui</strong></span> <span class='ocrx_word' id='word_1_190' title='bbox 1080 2229 1174 2294; x_wconf 91' lang='lat' dir='ltr'><strong>nullo</strong></span> <span class='ocrx_word' id='word_1_191' title='bbox 1197 2230 1233 2294; x_wconf 89' lang='lat' dir='ltr'><strong>in</strong></span> 
     </span>
     <span class='ocr_line' id='line_1_25' title="bbox 220 2313 1231 2404; baseline 0.006 -27"><span class='ocrx_word' id='word_1_192' title='bbox 220 2313 384 2378; x_wconf 85' lang='lat' dir='ltr'><strong>animante</strong></span> <span class='ocrx_word' id='word_1_193' title='bbox 408 2334 478 2378; x_wconf 88' lang='lat' dir='ltr'><strong>esse</strong></span> <span class='ocrx_word' id='word_1_194' title='bbox 500 2317 630 2398; x_wconf 86' lang='lat' dir='ltr'><strong>praeter</strong></span> <span class='ocrx_word' id='word_1_195' title='bbox 647 2313 813 2379; x_wconf 88' lang='lat' dir='ltr'><strong>hominem</strong></span> <span class='ocrx_word' id='word_1_196' title='bbox 831 2318 949 2400; x_wconf 86' lang='lat' dir='ltr'><strong>potest,</strong></span> <span class='ocrx_word' id='word_1_197' title='bbox 972 2314 1096 2381; x_wconf 90' lang='lat' dir='ltr'><strong>indicat</strong></span> <span class='ocrx_word' id='word_1_198' title='bbox 1113 2339 1231 2404; x_wconf 85' lang='lat' dir='ltr'><strong>mores,</strong></span> 
     </span>
     <span class='ocr_line' id='line_1_26' title="bbox 220 2400 1284 2486; baseline 0.001 -19"><span class='ocrx_word' id='word_1_199' title='bbox 220 2402 335 2486; x_wconf 89' lang='lat' dir='ltr'><strong>quoius</strong></span> <span class='ocrx_word' id='word_1_200' title='bbox 358 2401 425 2466; x_wconf 85' lang='lat' dir='ltr'><strong>vim</strong></span> <span class='ocrx_word' id='word_1_201' title='bbox 439 2400 555 2467; x_wconf 81' lang='lat' dir='ltr'><strong>Graeci</strong></span> <span class='ocrx_word' id='word_1_202' title='bbox 572 2405 703 2486; x_wconf 85' lang='lat' dir='ltr'><strong>norunt,</strong></span> <span class='ocrx_word' id='word_1_203' title='bbox 724 2423 843 2467; x_wconf 90' lang='lat' dir='ltr'><strong>nomen</strong></span> <span class='ocrx_word' id='word_1_204' title='bbox 861 2404 994 2470; x_wconf 88' lang='lat' dir='ltr'><strong>omnino</strong></span> <span class='ocrx_word' id='word_1_205' title='bbox 1012 2425 1080 2470; x_wconf 92' lang='lat' dir='ltr'><strong>non</strong></span> <span class='ocrx_word' id='word_1_206' title='bbox 1097 2404 1230 2472; x_wconf 89' lang='lat' dir='ltr'><strong>habent.</strong></span> <span class='ocrx_word' id='word_1_207' title='bbox 1243 2424 1265 2464; x_wconf 69' lang='lat' dir='ltr'><strong>a</strong></span> <span class='ocrx_word' id='word_1_208' title='bbox 1283 2461 1284 2468; x_wconf 71' lang='grc'>,</span> 
     </span>
     <span class='ocr_line' id='line_1_27' title="bbox 220 2489 1230 2580; baseline 0.006 -26"><span class='ocrx_word' id='word_1_209' title='bbox 220 2489 346 2554; x_wconf 91' lang='lat' dir='ltr'><strong>Omitto</strong></span> <span class='ocrx_word' id='word_1_210' title='bbox 378 2490 618 2576; x_wconf 85' lang='lat' dir='ltr'><strong>oportunitates</strong></span> <span class='ocrx_word' id='word_1_211' title='bbox 647 2489 901 2576; x_wconf 89' lang='lat' dir='ltr'><strong>habilitatesque</strong></span> <span class='ocrx_word' id='word_1_212' title='bbox 928 2491 1047 2577; x_wconf 86' lang='lat' dir='ltr'><strong>reliqui</strong></span> <span class='ocrx_word' id='word_1_213' title='bbox 1073 2495 1230 2580; x_wconf 86' lang='lat' dir='ltr'><strong>corporis,</strong></span> 
     </span>
     <span class='ocr_line' id='line_1_28' title="bbox 219 2578 1230 2665; baseline 0.006 -23"><span class='ocrx_word' id='word_1_214' title='bbox 219 2578 474 2646; x_wconf 88' lang='lat' dir='ltr'><strong>moderationem</strong></span> <span class='ocrx_word' id='word_1_215' title='bbox 501 2578 604 2662; x_wconf 87' lang='lat' dir='ltr'><strong>vocis,</strong></span> <span class='ocrx_word' id='word_1_216' title='bbox 632 2579 788 2644; x_wconf 90' lang='lat' dir='ltr'><strong>orationis</strong></span> <span class='ocrx_word' id='word_1_217' title='bbox 811 2579 892 2663; x_wconf 84' lang='lat' dir='ltr'><strong>vim,</strong></span> <span class='ocrx_word' id='word_1_218' title='bbox 920 2602 1002 2665; x_wconf 89' lang='lat' dir='ltr'><strong>quae</strong></span> <span class='ocrx_word' id='word_1_219' title='bbox 1025 2581 1230 2648; x_wconf 85' lang='lat' dir='ltr'><strong>conciliatrix</strong></span> 
     </span>
     <span class='ocr_line' id='line_1_29' title="bbox 219 2666 1230 2753; baseline 0.007 -23"><span class='ocrx_word' id='word_1_220' title='bbox 219 2669 271 2731; x_wconf 89' lang='lat' dir='ltr'><strong>est</strong></span> <span class='ocrx_word' id='word_1_221' title='bbox 301 2667 462 2731; x_wconf 90' lang='lat' dir='ltr'><strong>humanae</strong></span> <span class='ocrx_word' id='word_1_222' title='bbox 495 2666 634 2730; x_wconf 89' lang='lat' dir='ltr'><strong>maxime</strong></span> <span class='ocrx_word' id='word_1_223' title='bbox 664 2667 843 2752; x_wconf 78' lang='lat' dir='ltr'><strong>societatis3</strong></span> <span class='ocrx_word' id='word_1_224' title='bbox 874 2691 978 2753; x_wconf 87' lang='lat' dir='ltr'><strong>neque</strong></span> <span class='ocrx_word' id='word_1_225' title='bbox 1005 2669 1092 2734; x_wconf 88' lang='lat' dir='ltr'><strong>enim</strong></span> <span class='ocrx_word' id='word_1_226' title='bbox 1120 2672 1230 2737; x_wconf 90' lang='lat' dir='ltr'><strong>omnia</strong></span> 
     </span>
     <span class='ocr_line' id='line_1_30' title="bbox 219 2754 1228 2842; baseline 0.004 -22"><span class='ocrx_word' id='word_1_227' title='bbox 219 2757 296 2820; x_wconf 90' lang='lat' dir='ltr'><strong>sunt</strong></span> <span class='ocrx_word' id='word_1_228' title='bbox 322 2754 418 2818; x_wconf 90' lang='lat' dir='ltr'><strong>huius</strong></span> <span class='ocrx_word' id='word_1_229' title='bbox 442 2754 671 2839; x_wconf 85' lang='lat' dir='ltr'><strong>disputationis</strong></span> <span class='ocrx_word' id='word_1_230' title='bbox 695 2777 732 2820; x_wconf 89' lang='lat' dir='ltr'><strong>ac</strong></span> <span class='ocrx_word' id='word_1_231' title='bbox 753 2756 926 2842; x_wconf 83' lang='lat' dir='ltr'><strong>temporis,</strong></span> <span class='ocrx_word' id='word_1_232' title='bbox 955 2760 990 2822; x_wconf 91' lang='lat' dir='ltr'><strong>et</strong></span> <span class='ocrx_word' id='word_1_233' title='bbox 1011 2757 1098 2823; x_wconf 89' lang='lat' dir='ltr'><strong>hunc</strong></span> <span class='ocrx_word' id='word_1_234' title='bbox 1120 2759 1228 2825; x_wconf 87' lang='lat' dir='ltr'><strong>locum</strong></span> 
     </span>
     <span class='ocr_line' id='line_1_31' title="bbox 220 2842 1263 2932; baseline 0.004 -24"><span class='ocrx_word' id='word_1_235' title='bbox 220 2842 315 2926; x_wconf 82' lang='lat' dir='ltr'><strong>satis,</strong></span> <span class='ocrx_word' id='word_1_236' title='bbox 336 2845 375 2907; x_wconf 89' lang='lat' dir='ltr'><strong>ut</strong></span> <span class='ocrx_word' id='word_1_237' title='bbox 397 2842 478 2907; x_wconf 89' lang='lat' dir='ltr'><strong>mihi</strong></span> <span class='ocrx_word' id='word_1_238' title='bbox 499 2842 641 2927; x_wconf 87' lang='lat' dir='ltr'><strong>videtur,</strong></span> <span class='ocrx_word' id='word_1_239' title='bbox 663 2843 761 2908; x_wconf 86' lang='lat' dir='ltr'><strong>iniis</strong></span> <span class='ocrx_word' id='word_1_240' title='bbox 783 2844 889 2929; x_wconf 85' lang='lat' dir='ltr'><strong>libris,</strong></span> <span class='ocrx_word' id='word_1_241' title='bbox 911 2867 992 2930; x_wconf 89' lang='lat' dir='ltr'><strong>quos</strong></span> <span class='ocrx_word' id='word_1_242' title='bbox 1016 2846 1154 2932; x_wconf 80' lang='lat' dir='ltr'><strong>legistis,</strong></span> <span class='ocrx_word' id='word_1_243' title='bbox 1178 2870 1228 2912; x_wconf 83' lang='lat' dir='ltr'><strong>ex-</strong></span> <span class='ocrx_word' id='word_1_244' title='bbox 1241 2865 1263 2905; x_wconf 73' lang='lat' dir='ltr'><strong>n</strong></span> 
     </span>
     <span class='ocr_line' id='line_1_32' title="bbox 218 2927 1227 3020; baseline 0.006 -26"><span class='ocrx_word' id='word_1_245' title='bbox 218 2930 339 3016; x_wconf 85' lang='lat' dir='ltr'><strong>pressit</strong></span> <span class='ocrx_word' id='word_1_246' title='bbox 366 2927 487 3015; x_wconf 81' lang='lat' dir='ltr'><strong>Scipi03</strong></span> <span class='ocrx_word' id='word_1_247' title='bbox 517 2952 615 3014; x_wconf 86' lang='lat' dir='ltr'><strong>nunc,</strong></span> <span class='ocrx_word' id='word_1_248' title='bbox 643 2932 796 3015; x_wconf 90' lang='lat' dir='ltr'><strong>quoniam</strong></span> <span class='ocrx_word' id='word_1_249' title='bbox 822 2933 1001 3018; x_wconf 89' lang='lat' dir='ltr'><strong>hominem,</strong></span> <span class='ocrx_word' id='word_1_250' title='bbox 1029 2935 1116 3018; x_wconf 90' lang='lat' dir='ltr'><strong>quod</strong></span> <span class='ocrx_word' id='word_1_251' title='bbox 1141 2936 1227 3020; x_wconf 91' lang='lat' dir='ltr'><strong>prin-</strong></span> 
     </span>
     <span class='ocr_line' id='line_1_33' title="bbox 219 3019 1228 3109; baseline 0.006 -26"><span class='ocrx_word' id='word_1_252' title='bbox 219 3019 340 3103; x_wconf 87' lang='lat' dir='ltr'><strong>cipium</strong></span> <span class='ocrx_word' id='word_1_253' title='bbox 371 3020 570 3103; x_wconf 90' lang='lat' dir='ltr'><strong>reliquarum</strong></span> <span class='ocrx_word' id='word_1_254' title='bbox 602 3042 710 3084; x_wconf 88' lang='lat' dir='ltr'><strong>rerum</strong></span> <span class='ocrx_word' id='word_1_255' title='bbox 742 3042 812 3085; x_wconf 88' lang='lat' dir='ltr'><strong>esse</strong></span> <span class='ocrx_word' id='word_1_256' title='bbox 843 3023 962 3106; x_wconf 82' lang='lat' dir='ltr'><strong>voluit,</strong></span> <span class='ocrx_word' id='word_1_257' title='bbox 994 3023 1165 3109; x_wconf 83' lang='lat' dir='ltr'><strong>generarit</strong></span> <span class='ocrx_word' id='word_1_258' title='bbox 1195 3028 1228 3090; x_wconf 91' lang='lat' dir='ltr'><strong>et</strong></span> 
     </span>
     <span class='ocr_line' id='line_1_34' title="bbox 220 3107 1284 3194; baseline 0.006 -23"><span class='ocrx_word' id='word_1_259' title='bbox 220 3107 349 3172; x_wconf 84' lang='lat' dir='ltr'><strong>ornavit</strong></span> <span class='ocrx_word' id='word_1_260' title='bbox 372 3107 458 3193; x_wconf 85' lang='lat' dir='ltr'><strong>deus,</strong></span> <span class='ocrx_word' id='word_1_261' title='bbox 480 3107 686 3193; x_wconf 87' lang='lat' dir='ltr'><strong>perspicuum</strong></span> <span class='ocrx_word' id='word_1_262' title='bbox 709 3109 753 3173; x_wconf 89' lang='lat' dir='ltr'><strong>sit</strong></span> <span class='ocrx_word' id='word_1_263' title='bbox 769 3109 861 3194; x_wconf 85' lang='lat' dir='ltr'><strong>illud,</strong></span> <span class='ocrx_word' id='word_1_264' title='bbox 883 3132 924 3175; x_wconf 93' lang='lat' dir='ltr'><strong>ne</strong></span> <span class='ocrx_word' id='word_1_265' title='bbox 943 3111 1052 3175; x_wconf 89' lang='lat' dir='ltr'><strong>omnia</strong></span> <span class='ocrx_word' id='word_1_266' title='bbox 1071 3111 1227 3177; x_wconf 87' lang='lat' dir='ltr'><strong>disseran-</strong></span> <span class='ocrx_word' id='word_1_267' title='bbox 1283 3135 1284 3146; x_wconf 56' lang='lat'>³</span> 
     </span>
     <span class='ocr_line' id='line_1_35' title="bbox 218 3195 1226 3284; baseline 0.008 -27"><span class='ocrx_word' id='word_1_268' title='bbox 218 3197 281 3276; x_wconf 87' lang='lat' dir='ltr'><strong>tur,</strong></span> <span class='ocrx_word' id='word_1_269' title='bbox 295 3195 401 3278; x_wconf 89' lang='lat' dir='ltr'><strong>ipsam</strong></span> <span class='ocrx_word' id='word_1_270' title='bbox 416 3217 474 3279; x_wconf 89' lang='lat' dir='ltr'><strong>per</strong></span> <span class='ocrx_word' id='word_1_271' title='bbox 489 3217 523 3260; x_wconf 88' lang='lat' dir='ltr'><strong>se</strong></span> <span class='ocrx_word' id='word_1_272' title='bbox 537 3199 687 3260; x_wconf 86' lang='lat' dir='ltr'><strong>naturam</strong></span> <span class='ocrx_word' id='word_1_273' title='bbox 702 3197 833 3282; x_wconf 82' lang='lat' dir='ltr'><strong>longius</strong></span> <span class='ocrx_word' id='word_1_274' title='bbox 845 3199 1012 3284; x_wconf 79' lang='lat' dir='ltr'><strong>progredi3</strong></span> <span class='ocrx_word' id='word_1_275' title='bbox 1031 3221 1114 3284; x_wconf 88' lang='lat' dir='ltr'><strong>quae</strong></span> <span class='ocrx_word' id='word_1_276' title='bbox 1128 3200 1226 3265; x_wconf 89' lang='lat' dir='ltr'><strong>etiam</strong></span> 
     </span>
     <span class='ocr_line' id='line_1_36' title="bbox 218 3282 1261 3372; baseline 0.01 -28"><span class='ocrx_word' id='word_1_277' title='bbox 218 3283 309 3346; x_wconf 93' lang='lat' dir='ltr'><strong>nullo</strong></span> <span class='ocrx_word' id='word_1_278' title='bbox 340 3282 474 3347; x_wconf 90' lang='lat' dir='ltr'><strong>docente</strong></span> <span class='ocrx_word' id='word_1_279' title='bbox 503 3283 650 3369; x_wconf 87' lang='lat' dir='ltr'><strong>profecta</strong></span> <span class='ocrx_word' id='word_1_280' title='bbox 677 3285 718 3348; x_wconf 89' lang='lat' dir='ltr'><strong>ab</strong></span> <span class='ocrx_word' id='word_1_281' title='bbox 745 3285 799 3368; x_wconf 87' lang='lat' dir='ltr'><strong>iis,</strong></span> <span class='ocrx_word' id='word_1_282' title='bbox 831 3307 967 3369; x_wconf 87' lang='lat' dir='ltr'><strong>quorum</strong></span> <span class='ocrx_word' id='word_1_283' title='bbox 995 3309 1035 3352; x_wconf 86' lang='lat' dir='ltr'><strong>ex</strong></span> <span class='ocrx_word' id='word_1_284' title='bbox 1061 3287 1168 3372; x_wconf 86' lang='lat' dir='ltr'><strong>prima</strong></span> <span class='ocrx_word' id='word_1_285' title='bbox 1194 3293 1225 3354; x_wconf 91' lang='lat' dir='ltr'><strong>et</strong></span> <span class='ocrx_word' id='word_1_286' title='bbox 1238 3306 1261 3347; x_wconf 78' lang='lat'><strong>³⁵</strong></span> 
     </span>
     <span class='ocr_line' id='line_1_37' title="bbox 218 3367 1226 3462; baseline 0.012 -31"><span class='ocrx_word' id='word_1_287' title='bbox 218 3367 372 3433; x_wconf 88' lang='lat' dir='ltr'><strong>inchoata</strong></span> <span class='ocrx_word' id='word_1_288' title='bbox 393 3371 620 3456; x_wconf 84' lang='lat' dir='ltr'><strong>intellegentia</strong></span> <span class='ocrx_word' id='word_1_289' title='bbox 642 3393 761 3457; x_wconf 84' lang='lat' dir='ltr'><strong>genera</strong></span> <span class='ocrx_word' id='word_1_290' title='bbox 779 3375 943 3459; x_wconf 83' lang='lat' dir='ltr'><strong>cognovit,</strong></span> <span class='ocrx_word' id='word_1_291' title='bbox 965 3375 1138 3440; x_wconf 85' lang='lat' dir='ltr'><strong>confirmat</strong></span> <span class='ocrx_word' id='word_1_292' title='bbox 1154 3376 1226 3462; x_wconf 90' lang='lat' dir='ltr'><strong>ipsa</strong></span> 
     </span>
     <span class='ocr_line' id='line_1_38' title="bbox 218 3457 1284 3544; baseline 0.01 -26"><span class='ocrx_word' id='word_1_293' title='bbox 218 3475 277 3538; x_wconf 88' lang='lat' dir='ltr'><strong>per</strong></span> <span class='ocrx_word' id='word_1_294' title='bbox 300 3475 334 3518; x_wconf 88' lang='lat' dir='ltr'><strong>se</strong></span> <span class='ocrx_word' id='word_1_295' title='bbox 357 3457 516 3522; x_wconf 88' lang='lat' dir='ltr'><strong>rationem</strong></span> <span class='ocrx_word' id='word_1_296' title='bbox 539 3462 572 3522; x_wconf 89' lang='lat' dir='ltr'><strong>et</strong></span> <span class='ocrx_word' id='word_1_297' title='bbox 594 3459 729 3544; x_wconf 85' lang='lat' dir='ltr'><strong>perficit.</strong></span> <span class='ocrx_word' id='word_1_298' title='bbox 1283 3457 1284 3468; x_wconf 45' lang='lat'>¹</span> 
     </span>
    </p>
   </div>
   <div class='ocr_carea' id='block_1_3' title="bbox 0 0 1294 3874">
    <p class='ocr_par' dir='ltr' id='par_1_3' title="bbox 0 0 1294 3874">
     <span class='ocr_line' id='line_1_39' title="bbox 0 0 1294 3874; baseline 0 2"><span class='ocrx_word' id='word_1_299' title='bbox 0 0 1294 3874; x_wconf 95' lang='lat' dir='ltr'><strong> </strong></span> 
     </span>
    </p>
   </div>
  </div>
 </body>
</html>
