2590 3880
337 118 405 177 LIB.
425 121 447 178 I.
467 121 543 178 GAP.
562 128 677 178 34—36.
697 127 712 188 ξ
731 127 862 178 ers-101.
1063 121 1105 187 37

94 267 159 351 dat,
185 266 243 331 sed
260 266 376 351 capite,
394 266 490 351 collo,
507 265 695 349 cervicibus,
712 265 880 350 lateribus,
900 265 984 350 alvo,
1002 269 1107 353 tergo,

92 355 286 442 poplitibus,
308 354 468 438 manibus,
489 353 635 438 pedibus,
658 353 843 439 feminibus,
865 354 1022 420 cruribus.
1063 352 1107 438 si,

92 448 129 508 ut
151 441 340 508 inmortalis
364 442 421 526 sit,
449 442 526 527 quid
547 442 627 507 haec
651 441 817 507 advitam
839 443 987 507 membra
1009 441 1108 528 perti·
1199 441 1201 446 ’

91 531 194 596 nent?
227 530 304 616 quid
331 530 406 615 ipsa
431 529 553 596 facies?
593 529 700 616 Magis
727 530 799 614 illa,
831 532 1011 615 cerebrum,
1043 551 1108 614 cor,

65 620 277 706 spulmones,
299 618 400 702 iacur3
422 618 503 683 haec
525 618 612 684 enim
635 621 712 684 sunt
735 618 899 684 domicilia
916 619 1017 703 vitae3
1040 618 1160 736 oris36

93 708 226 793 quidem
243 706 377 772 habitus
396 707 437 771 ad
454 706 543 772 vitae
561 706 751 771 firmitatem
768 706 852 771 nihil
869 707 1020 808 pertinet.
1049 705 1161 799 Et10⁰

93 818 148 862 eos
186 795 412 880 vituperabas,
449 795 505 879 qui
541 816 580 860 ex
612 794 764 880 operibus
795 795 977 882 magnificis
1010 799 1108 879 atque

91 883 285 970 praeclaris,
317 905 390 949 cum
419 882 527 967 ipsum
554 882 724 967 mundum,
756 905 828 949 cum
857 883 925 949 eius
952 885 1109 968 membra,

93 974 231 1057 caelum,
253 975 371 1056 terras,
394 970 507 1053 maria,
530 992 666 1056 cumque
685 971 802 1036 horum
820 971 972 1058 insignia,
995 971 1107 1054 solem,

51 1079 80 1118 ιο
94 1060 209 1126 lunam
233 1059 425 1145 stellasque,
449 1059 615 1144 vidissent,
638 1081 775 1144 cumque
797 1063 983 1146 temporum
1005 1062 1109 1125 matu-

93 1149 226 1232 ritates,
249 1148 448 1213 mutationes
471 1147 773 1232 vicissitudinesque
796 1148 1035 1234 cognovissent,
1058 1169 1109 1213 su-

93 1237 213 1322 spicati
241 1238 350 1301 essent
377 1236 521 1320 aliquam
547 1236 756 1302 excellentem
779 1256 850 1301 esse
871 1240 1108 1322 praestantem·

93 1347 156 1410 que
178 1327 344 1409 naturam,
372 1345 455 1408 quae
477 1324 558 1390 haee
581 1323 756 1408 effecisset,
783 1328 942 1408 moveret,
970 1329 1108 1412 regeret,

93 1413 301 1500 gubernaret.
347 1410 410 1488 Qui
442 1412 571 1478 etiamsi
604 1413 757 1478 aberrant
784 1412 981 1498 coniectura,
1013 1413 1107 1478 video

52 1521 79 1562 15
92 1506 216 1584 tamen,
234 1501 312 1585 quid
330 1503 522 1585 sequantur3
545 1504 582 1564 tu
602 1501 688 1585 quod
706 1523 787 1586 opus
806 1501 937 1566 tandem
952 1522 1109 1587 magnum

93 1594 128 1656 et
157 1589 328 1676 egregium
357 1588 473 1673 habes,
503 1588 589 1673 quod
617 1589 767 1654 effectum
795 1588 905 1655 divina
931 1593 1040 1655 mente
1062 1590 1108 1655 vi·

93 1679 219 1762 deatur,
243 1698 282 1742 ax
301 1699 365 1762 quo
384 1697 456 1742 esse
475 1676 552 1742 deos
570 1677 755 1762 suspicere?
787 1675 968 1761 Habebam,
989 1677 1108 1762 inquis,

92 1767 128 1831 in
147 1766 258 1831 animo
277 1765 412 1830 insitam
429 1763 695 1830 informationem
709 1765 872 1850 quandam
886 1766 946 1831 dei.
976 1766 1023 1831 Et
1035 1765 1108 1830 bar-

92 1855 165 1920 bati
184 1854 315 1939 quidem
332 1853 430 1938 IoviS,
451 1853 601 1940 galeatae
619 1853 798 1938 Minervae;
819 1874 899 1918 num
916 1854 1019 1942 igitur
1037 1876 1108 1920 esse

52 1943 174 2008 rotalis
193 1943 313 2027 putas?
341 1940 470 2017 Quanto
489 1942 605 2007 melius
623 1942 704 2007 haec
721 1942 840 2028 vulgus
858 1942 1095 2027 imperitorum,
1110 1960 1160 2009 101

93 2031 151 2116 qui
182 2053 250 2096 non
280 2030 427 2096 membra
458 2030 565 2095 solum
596 2030 738 2096 hominis
770 2030 830 2096 deo
857 2031 1018 2116 tribuant,
1051 2031 1108 2097 sed

92 2141 190 2184 usum
213 2118 313 2183 etiam
336 2119 565 2183 membrorum.
601 2117 691 2184 Dant
709 2118 796 2184 enim
814 2141 933 2204 arcum,
957 2121 1108 2206 sagittas,

92 2208 240 2290 hastam,
273 2207 427 2291 clipeum,
457 2206 631 2291 fuscinam,
662 2205 800 2290 fulmen,
834 2212 867 2273 et
894 2209 935 2292 si,
963 2210 1107 2274 actiones

94 2317 179 2380 quae
206 2295 273 2360 sint
300 2294 446 2378 deorum,
473 2316 541 2360 non
567 2295 691 2379 vident,
717 2295 799 2360 nihil
823 2300 975 2382 agentem
997 2301 1109 2362 tamen

53 2401 80 2442 as
96 2385 193 2448 deum
206 2404 274 2448 non
288 2386 410 2468 queunt
424 2383 578 2470 cogitare.
613 2382 691 2468 Ipsi,
705 2384 762 2468 qui
774 2383 964 2469 inridentur,
977 2384 1108 2471 Aegyp·

93 2472 135 2536 tii
161 2471 288 2536 nullam
315 2471 447 2537 beluam
468 2471 533 2536 nisi
556 2471 598 2537 ob
622 2472 766 2555 aliquam
789 2472 981 2556 utilitatem,
1009 2495 1107 2557 quam

93 2581 135 2624 ex
159 2581 199 2625 ea
222 2563 387 2646 caperent,
414 2563 698 2645 consecraverunt;
725 2560 816 2626 velut
838 2561 908 2626 ibes
931 2561 1108 2626 maximam

92 2648 162 2713 vim
194 2647 395 2733 serpentium
427 2647 613 2733 conficiunt,
645 2670 719 2714 oum
750 2648 817 2714 sint
849 2671 924 2715 aves
952 2650 1106 2732 excelsae,

94 2735 244 2803 cruribus
271 2735 400 2823 rigidis,
430 2757 545 2802 corneo
573 2758 772 2822 proceroque
801 2740 923 2820 rostr03
955 2740 1108 2803 avertunt

53 2841 80 2882 ³0
93 2827 221 2909 pestem
245 2823 286 2888 ab
305 2823 467 2910 Aegypto,
490 2847 563 2890 oum
585 2825 727 2890 volucris
751 2825 867 2912 anguis
890 2847 929 2890 ex
951 2825 1108 2892 vastitate

93 2911 218 2996 Libyae
246 2915 345 2978 vento
367 2912 481 2978 Africo
508 2913 654 2979 invectas
681 2913 880 2979 interficiunt
908 2917 1007 2999 atque
1034 2935 1109 2980 con·

94 3002 242 3084 sumunt3
264 3022 304 3065 ex
326 3022 390 3085 quo
414 3001 461 3086 fit,
483 3004 522 3066 ut
543 3001 621 3066 illae
643 3023 703 3066 neo
725 3022 837 3066 morsu
856 3001 950 3067 vivae
968 3007 1108 3069 noceant

92 3110 152 3154 nec
180 3087 280 3154 odore
306 3092 464 3154 mortuae.
509 3088 648 3155 Possum
676 3089 715 3154 de
741 3089 992 3156 ichneumonum
1020 3092 1109 3157 utili-

93 3179 172 3262 tate,
196 3176 237 3241 de
255 3177 499 3262 crocodilorum,
523 3177 562 3242 de
579 3177 715 3243 faelium
735 3177 847 3260 dicere,
867 3179 923 3243 sed
940 3180 1017 3244 nolo
1037 3201 1108 3245 esse

55 3265 224 3352 erlongus.
266 3263 319 3329 Ita
341 3264 539 3350 concludam,
561 3268 674 3330 tamen
696 3266 809 3330 beluas
827 3287 849 3332 a
866 3267 1017 3333 barbaris
1034 3290 1109 3354 pro·

92 3357 168 3438 pter
194 3352 387 3418 beneficium
416 3357 638 3438 consecratas,
669 3357 854 3419 vestrorum
882 3355 1015 3421 deorum
1042 3378 1109 3421 non

93 3441 190 3507 modo
209 3441 402 3508 beneficium
419 3442 548 3508 nullum
567 3446 686 3528 extare,
705 3442 762 3508 sed
779 3465 820 3508 ne
838 3443 963 3510 factum
978 3443 1108 3530 quidem
