2630 3890
363 157 432 213 LIB.
451 159 485 212 II.
511 157 586 212 GAP.
605 164 720 214 ⁵3-55.
743 165 864 224 §109
868 167 927 215 114.
1080 161 1145 226 231

136 300 426 366 nncrn.1dcerte
445 303 552 388 magis
571 306 659 366 esta
640 303 759 368 attenti
774 304 874 367 animi
889 326 986 388 quam
999 303 1118 369 furent'
1094 309 1147 370 t.1s

136 390 283 473 Atque
273 412 308 454 ιιι
332 387 423 472 Sibyl
425 390 500 454 linis
524 413 563 454 ex
585 392 692 475 primo
715 413 811 456 versu
835 393 987 477 cuiusque
1011 397 1198 458 senten-112

135 481 202 542 tiae
220 478 335 562 primis
354 479 409 542 litt
380 479 474 542 tteris
493 479 581 542 illius
601 483 673 542 sent
675 483 729 543 ent
731 480 780 543 iae
800 502 931 545 carmen
949 503 1043 546 omne
1056 503 1148 565 prae·

135 565 267 630 texitur.
312 565 384 630 Hoc
411 567 496 650 scrip
498 567 654 631 torist
603 572 667 651 est,
694 589 761 632 non
782 567 901 631 furent'
877 572 935 650 tis,
962 569 1147 634 adhibentis

106 654 285 738 ediligent
276 677 352 738 iam,
374 675 441 718 non
463 655 578 719 insani
615 617 720 730 Qeiam
743 656 784 720 ob
808 677 877 720 rem
896 619 1057 740 Sibyllam
1080 658 1148 741 qui-

136 743 210 806 dem
239 742 419 827 sepositam
446 745 478 806 et
507 743 670 808 conditam
697 743 888 827 habeamus,
919 749 970 828 ut,
1001 745 1034 808 id
1062 745 1148 830 quod

135 829 302 915 proditum
322 833 372 894 est
392 853 412 894 a
430 831 650 916 maioribuss
640 831 766 896 iniussu
785 836 917 896 senatus
935 853 976 897 ne
994 833 1147 918 legantur

137 917 267 1002 quidem
297 918 374 982 libri
401 919 534 983 valeant
520 922 598 1002 tque
625 919 667 983 ad
689 919 893 1004 deponendas
916 920 1026 1005 potius
1050 943 1147 1006 quam

135 1007 178 1070 ad
197 1006 417 1092 suscipiendas
436 1007 623 1090 religiones,
642 1029 715 1072 eum
729 1008 933 1073 antistitibus
948 1029 1092 1094 agamus,
1110 1013 1148 1074 ut

93 1116 120 1154 ro
137 1094 266 1178 quidvis
293 1098 352 1179 pot
353 1094 403 1159 ius
432 1117 470 1158 ex
497 1095 564 1158 illis
593 1095 687 1159 libris
715 1117 812 1178 quam
834 1117 947 1182 regem
969 1097 1147 1182 proferant,

136 1205 231 1266 quem
261 1183 386 1248 Romae
415 1183 554 1268 posthae
583 1205 643 1248 nec
672 1183 705 1246 di
733 1204 793 1249 noc
821 1183 969 1249 homines
998 1207 1068 1250 esse
1092 1208 1148 1270 pa-

134 1271 267 1336 tientnr.

202 1359 249 1424 At
271 1359 369 1424 multi
391 1381 488 1445 saepe
510 1382 588 1424 vera
610 1359 789 1445 vaticinati,
812 1364 849 1424 ut
872 1359 1069 1426 Cassandra:
1157 1364 1201 1429 55

259 1447 417 1532 Iamque
440 1448 536 1512 mari
559 1470 758 1534 magno...

94 1557 121 1596 ιι
137 1535 314 1620 eademque
338 1537 437 1621 paulo
460 1540 583 1690 pm..

262 1625 370 1688 Eheu
392 1624 537 1689 videte.

135 1712 256 1776 Num'
247 1713 309 1798 1git
311 1735 349 1776 ur
372 1735 424 1777 me
445 1673 583 1797 cogis·
554 1712 654 1777 etiam
671 1711 792 1778 fabulis
811 1713 961 1778 credere?
985 1735 1068 1797 quae
1088 1713 1199 1778 dena

135 1803 199 1866 lect
201 1801 319 1866 ationis
341 1800 485 1865 habeant
490 1805 628 1884 quant
630 1824 684 1865 um
707 1802 812 1883 voles,
835 1802 943 1866 verbis
967 1823 1024 1865 sen
1025 1802 1148 1887 tentiis,

135 1889 279 1953 numeris
299 1893 374 1953 cant
360 1889 449 1952 tibus
467 1852 671 1973 adiuventur;
690 1852 867 1954 auetoritat
833 1911 920 1954 aem
935 1882 1064 1973 quidem
1077 1891 1148 1955 nul-

93 1999 120 2038 20
135 1978 204 2042 lam
227 1977 379 2042 debemus
402 1999 461 2042 nec
479 1978 576 2041 fidem
595 1978 827 2043 commenticiis
846 1978 943 2042 rebus
964 1978 1147 2063 adiungere.

134 2065 323 2148 Eodemque
346 2065 442 2130 modo
465 2087 523 2130 nec
547 2087 608 2151 ego
626 2065 775 2131 Publicio
792 2066 901 2131 nescio
920 2066 973 2131 cui
989 2088 1061 2132 nec
1059 2067 1147 2131 Mar-

135 2153 194 2218 ciis
217 2154 347 2218 vatibus
366 2175 425 2217 nec
444 2154 750 2238 Apollinisopertis
770 2154 962 2219 eredendum
982 2154 1147 2239 existim03

136 2263 276 2324 quorum·
306 2242 428 2326 partim
459 2242 536 2306 ficta
564 2246 688 2327 aperte,
719 2243 842 2327 partim
870 2243 998 2306 effutita
1024 2246 1146 2307 temere

134 2351 314 2414 numquam
344 2351 385 2394 ne
418 2329 571 2394 mediocri
605 2331 734 2414 quidem
761 2331 924 2415 cuiquam,
956 2353 1023 2396 non
1049 2331 1146 2396 modo

93 2437 120 2478 2⁵
135 2418 287 2502 prudenti
309 2418 449 2502 probata
472 2422 556 2482 sunt.
598 2417 705 2493 Quid?
726 2419 860 2502 inquieS,
883 2440 993 2482 remex
1015 2419 1071 2482 ille
1095 2419 1134 2483 de
1147 2433 1199 2481 114

136 2507 239 2570 classe
263 2505 402 2590 Coponii
427 2528 534 2571 nonne
562 2528 600 2571 ea
627 2507 801 2591 praedixit,
830 2527 913 2590 quae
935 2505 1025 2570 facta
1047 2508 1145 2572 sunt?

134 2593 197 2658 Ille
223 2617 314 2678 vero,
342 2597 375 2658 et
403 2617 442 2659 ea
465 2595 607 2678 quidem,
636 2617 716 2679 quae
740 2617 851 2659 omnes
875 2616 912 2659 eo
936 2597 1082 2678 tempore
1104 2616 1145 2659 ne

136 2682 317 2746 acciderent
344 2683 549 2747 timebamus.
590 2681 708 2748 Castra
735 2683 821 2747 enim
842 2683 878 2746 in
900 2681 1072 2746 Thessalia
1095 2705 1144 2747 ca·

136 2770 214 2834 stris
233 2772 364 2836 conlata
383 2771 602 2855 audiebamus,
620 2771 852 2855 videbaturque
870 2769 966 2835 nobis
986 2771 1144 2836 exereitus

93 2877 121 2916 ⁵0
136 2857 284 2923 Caesaris
313 2863 346 2923 et
369 2859 520 2924 audaciae
543 2860 618 2945 plus
641 2859 774 2942 habere,
798 2858 917 2943 quippe
940 2858 996 2942 qui
1018 2859 1144 2943 patriae

134 2947 259 3012 bellum
285 2947 464 3030 intulisset,
494 2951 527 3012 et
549 2947 676 3012 roboris
699 2952 834 3031 propter
856 2949 1068 3029 vetustatem3
1095 2969 1145 3012 ea-

135 3058 207 3100 sum
236 3038 345 3100 autem
371 3035 488 3120 proelii
514 3057 609 3100 nemo
637 3039 786 3100 nostrum
810 3038 881 3098 erat
904 3035 982 3117 quin
1005 3035 1145 3119 timeret,

135 3123 200 3208 sed,
218 3124 266 3187 ita
280 3127 317 3187 ut
331 3124 555 3189 constantibus
569 3123 756 3188 hominibus
769 3145 830 3207 par
844 3126 923 3206 erat,
943 3144 1011 3187 non
1025 3127 1144 3207 aperte.
1239 3129 1242 3134 ’

132 3211 196 3277 Ille
224 3215 334 3276 autem
357 3211 511 3295 Graecus,
540 3212 617 3296 quid
644 3212 775 3293 mirum,
804 3211 832 3275 si
859 3211 1082 3296 magnitudine
1105 3211 1146 3275 ti·

93 3317 120 3358 85
135 3300 249 3385 moris,
275 3304 313 3364 ut
335 3301 526 3384 plerumque
548 3300 600 3383 fit,
623 3323 643 3363 a
666 3300 850 3365 constantia
873 3303 971 3383 atque
994 3321 1014 3364 a
1036 3302 1145 3364 mente

134 3393 233 3472 atque
260 3411 281 3453 a
308 3410 342 3453 se
368 3388 439 3472 ipse
467 3388 637 3452 discessit?
671 3409 734 3471 qua
760 3387 1007 3472 perturbatione
1035 3387 1144 3472 animi,

134 3499 230 3562 quae,
259 3497 355 3542 sanus
380 3498 453 3541 cum
475 3480 574 3560 esset,
601 3475 738 3540 timebat
760 3497 802 3539 ne
825 3476 1003 3560 evenirent,
1031 3498 1070 3540 ea
1093 3476 1144 3540 de-
