2580 3874
329 143 397 203 nm.
416 144 438 202 Ι.
458 144 534 201 cnr.
554 151 667 203 so-sa
687 150 702 212 1
721 148 834 200 ss-or.
1044 143 1088 208 33

89 289 231 354 tollamus
255 311 345 374 ergo,
369 310 451 374 quae
475 291 532 354 aut
553 287 692 354 historia
709 288 805 353 nobis
824 291 881 353 aut
899 288 984 353 ratio
1002 309 1089 353 nova

88 376 190 440 adfert.
225 375 281 442 Ita
297 378 347 461 fit,
365 381 402 441 ut
420 377 648 442 mediterranei
665 397 756 442 mare
774 397 844 442 esse
861 397 929 441 non
946 374 1088 442 credant.

88 463 168 540 Quae
197 468 275 528 sunt
306 468 419 530 tantae
447 465 548 529 animi
574 465 766 550 angustiae?
811 463 871 548 Ut,
904 464 933 528 si
960 461 1089 547 Seriphi

85 557 174 617 natus
201 574 288 618 esses
315 574 375 618 nec
401 575 557 637 umquam
585 573 735 638 egressus
759 573 798 618 ex
819 552 940 636 insula,
967 551 1089 634 inqua

61 641 262 726 alepusculos
284 641 539 725 vulpeculasque
562 661 658 726 saepe
680 640 832 724 vidisses,
854 661 920 706 non
943 638 1088 704 crederes

84 728 188 794 leones
206 732 239 793 ct
257 729 437 814 pantheras
456 750 535 814 esse,
559 751 632 794 cum
649 728 721 813 tibi,
740 729 852 813 quales
871 731 989 812 essent,
1008 727 1090 792 dice·

83 821 181 901 retur3
208 817 337 882 sivero
361 815 400 882 de
423 817 598 902 elephanto
622 817 693 900 quis
718 816 846 900 diceret,
869 814 968 881 etiam
991 815 1090 879 rideri

83 909 115 969 ta
136 909 276 990 putares.
321 904 368 970 Et
388 908 427 970 tu
450 905 594 990 quidem,
621 903 742 988 Vellei,
768 926 835 970 non
856 908 967 969 vestro
990 923 1089 987 more,
1107 912 1143 963 89

84 993 138 1057 sed
160 993 415 1078 dialecticorum,
439 1015 521 1077 quae
543 992 689 1057 funditus
712 1014 792 1079 gens
814 996 925 1058 vestra
946 1012 1014 1056 non
1034 1012 1090 1056 no·

49 1100 70 1138 1⁰
82 1081 137 1165 vit,
155 1085 349 1168 argumento
363 1081 559 1146 sententiam
572 1080 773 1146 conclusisti:
791 1079 911 1146 Beatos
926 1100 997 1145 esse
1012 1079 1090 1144 deos

83 1169 256 1255 sumpsist‘.
303 1168 525 1235 concedimus.
569 1167 710 1234 Beatum
736 1171 846 1234 autem
872 1168 942 1233 sine
968 1167 1091 1233 virtute

81 1259 240 1322 neminem
268 1279 340 1323 esse
367 1278 472 1343 posse.
516 1256 556 1321 Id
583 1278 710 1342 quoque
738 1256 864 1340 damus,
892 1259 926 1322 et
950 1255 1090 1320 libenter
1100 1256 1143 1321 32

82 1346 217 1430 quidem.
235 1345 403 1410 Virtutem
418 1349 528 1411 autem
537 1345 605 1411 sine
615 1345 742 1410 ratione
752 1348 900 1410 constare
909 1365 976 1410 non
984 1364 1090 1429 posse.

83 1433 260 1500 Conveniat
278 1433 313 1498 id
331 1455 459 1519 quoquo
476 1455 606 1498 necesse
625 1437 683 1498 est.
720 1432 895 1518 Adiungis:
914 1452 974 1497 nec
992 1431 1091 1496 ratio·

49 1537 71 1578 ¹⁵
81 1543 154 1586 nem
180 1543 253 1587 esse
275 1521 341 1586 nisi
362 1521 398 1587 in
419 1521 560 1586 hominia
582 1521 697 1606 figura.
743 1518 846 1595 Quem
867 1519 931 1584 tibi
952 1519 1015 1584 hoc
1038 1519 1091 1583 da·

82 1613 188 1675 turum
216 1610 338 1695 putas?
370 1609 399 1674 si
428 1610 514 1674 enim
541 1609 589 1673 ita
616 1612 714 1692 esset,
747 1607 824 1693 quid
851 1629 932 1693 opus
960 1609 1031 1672 erat
1057 1609 1091 1670 te

82 1698 243 1784 gradatim
265 1698 353 1763 istuc
373 1697 565 1783 pervenire?
588 1696 782 1782 sumpsisses
804 1698 862 1761 tuo
884 1696 963 1760 iure.
1008 1693 1092 1770 Quid

83 1791 188 1851 autem
214 1789 266 1851 est
287 1786 372 1851 istuc
395 1784 580 1872 gradatim?
602 1806 679 1850 nam
703 1808 723 1850 a
744 1784 850 1848 beatis
868 1783 910 1847 ad
927 1783 1092 1865 virtutem,

82 1896 102 1938 a
127 1873 251 1939 virtute
279 1873 321 1939 ad
349 1873 510 1938 rationem
537 1873 630 1939 video
657 1876 691 1937 te
717 1872 844 1938 venisse
872 1871 1041 1957 gradibus3
1072 1892 1093 1935 a

51 1976 72 2016 2⁰
82 1963 208 2028 ratione
227 1963 271 2028 ad
287 1962 465 2027 humanam
482 1961 622 2047 figuram
640 1959 814 2044 quomodo
830 1958 975 2024 accedis?
996 1957 1091 2023 Prae·

81 2049 216 2135 cipitare
238 2051 325 2116 istuc
348 2049 479 2135 quidem
501 2053 565 2132 est,
591 2070 658 2114 non
680 2047 879 2113 descendere.
923 2044 993 2112 Nec
1014 2067 1091 2111 vero
1111 2057 1147 2107 so

82 2138 254 2224 intellego,
277 2159 334 2204 cur
356 2137 509 2202 maluerit
531 2136 691 2221 Epicurus
714 2136 791 2202 deos
813 2133 983 2200 hominum
1005 2133 1092 2198 simi-

81 2226 125 2291 les
149 2226 258 2292 dicere
281 2248 380 2311 quam
401 2225 551 2291 homines
575 2224 715 2289 deorum.
761 2222 916 2306 Quaeres,
946 2221 1024 2306 quid
1046 2222 1093 2285 in·

81 2314 189 2400 tersit3
223 2313 253 2378 si
285 2313 371 2378 enim
402 2313 466 2378 hoc
493 2312 546 2377 illi
576 2312 682 2378 simile
714 2311 770 2395 sit,
802 2332 873 2376 esse
899 2311 982 2375 illud
1008 2308 1092 2374 huic.

50 2400 198 2487 2⁵Vide03
227 2402 286 2466 sed
307 2402 370 2467 hoc
393 2401 478 2485 dico,
503 2421 570 2466 non
593 2400 634 2465 ab
657 2399 843 2465 hominibus
865 2399 990 2464 formae
1012 2397 1093 2482 figu-

81 2512 151 2556 ram
178 2489 309 2556 venisse
336 2488 378 2556 ad
405 2489 496 2572 deos3
524 2488 556 2552 di
584 2488 669 2553 enim
696 2509 823 2573 semper
849 2485 993 2568 fuerunt,
1022 2482 1093 2547 nati

81 2599 261 2664 numquam
288 2580 378 2661 sunt,
406 2576 565 2661 siquidem
589 2575 712 2640 aeterni
735 2579 811 2640 sunt
832 2573 948 2657 futuri3
980 2573 1015 2636 at
1037 2569 1093 2635 ho·

81 2667 184 2732 mines
206 2666 294 2750 nati3
317 2669 394 2731 ante
416 2665 519 2750 igitur
540 2663 683 2728 humana
699 2663 807 2729 forma
830 2683 928 2747 quam
944 2657 1092 2724 homines

82 2776 126 2840 ea,
150 2777 218 2840 qua
241 2757 337 2820 erant
357 2753 466 2818 forma
488 2751 521 2816 di
538 2751 737 2817 inmortales.
771 2749 847 2816 Non
865 2769 943 2833 ergo
960 2747 1093 2811 illorum

51 2842 227 2908 ohumana
248 2842 366 2926 forma,
389 2842 447 2906 sed
467 2844 583 2906 nostra
600 2838 710 2904 divina
727 2837 861 2904 dicenda
879 2839 938 2900 est.
971 2833 1093 2899 Verum

82 2929 142 2998 hoc
160 2930 304 3018 quidem,
322 2933 360 2994 ut
377 2929 512 3012 voletis3
532 2927 616 2993 illud
634 2949 763 3012 quaero,
781 2946 864 3011 quae
882 2922 981 2988 fuerit
999 2924 1094 2986 tanta

81 3017 215 3085 fortuna
243 3017 341 3104 (nihil
369 3017 455 3082 enim
482 3016 608 3081 ratione
634 3015 670 3080 in
695 3036 805 3079 rerum
830 3015 949 3077 natura
970 3009 1094 3075 factum

83 3128 150 3174 esse
173 3104 307 3194 vultis),
337 3105 393 3171 scd
415 3108 527 3169 tamen
550 3103 622 3188 quis
644 3103 707 3168 iste
730 3105 841 3166 tantus
865 3099 981 3164 casus?
1009 3097 1093 3162 unda
1112 3108 1145 3157 91

82 3197 148 3262 tam
180 3196 264 3261 felix
293 3213 469 3260 concursus
497 3195 694 3276 atomorum,
724 3193 763 3255 ut
789 3191 921 3274 repente
945 3185 1094 3252 homines

53 3283 216 3350 oleorum
241 3283 352 3349 forma
379 3280 612 3346 nascerentur?
656 3276 827 3344 Seminane
857 3276 991 3340 deorum
1014 3271 1094 3338 deci-

85 3370 167 3438 disse
191 3373 231 3437 de
255 3371 347 3437 caelo
370 3373 524 3455 putamus
547 3369 582 3432 in
603 3371 721 3451 terras,
745 3369 778 3430 et
800 3364 847 3429 sic
868 3361 1016 3428 homines
1038 3381 1094 3445 pa-

84 3461 169 3526 trum
206 3459 334 3524 similes
372 3456 541 3522 extitisse?
595 3454 723 3520 Vellem
760 3451 925 3535 diceretis3
961 3449 1096 3555 deorum

133 3571 190 3616 010.
204 3573 247 3615 lv.
262 3574 283 3614 a.
865 3559 881 3608 ³
