2526 3880
182 141 228 206 44
494 141 544 196 DE
562 139 714 195 NATURA
731 137 888 194 DEORUM

183 285 308 351 tionem
335 288 370 351 et
395 283 650 350 benivolentiam
677 283 814 368 ponitis!
861 282 909 350 Ut
936 285 1022 349 enim
1045 285 1203 351 omittam

184 375 252 440 vim
275 377 308 438 et
329 378 481 439 naturam
504 371 646 455 deorum,
668 392 709 435 ne
732 371 880 437 homines
901 373 1032 457 quidem
1050 375 1203 459 censetis,

183 463 249 526 nisi
284 461 428 526 inbecilli
459 463 581 544 essent,
616 459 745 524 futuros
777 460 940 525 beneficos
973 465 1006 526 et
1037 461 1202 548 benignos

184 549 308 615 fuisse?
343 546 445 613 Nulla
468 551 519 612 est
541 548 661 613 caritas
682 548 845 614 naturalis
868 549 954 614 inter
971 548 1099 614 bonos?
1130 549 1202 616 Oa·

185 659 266 703 rum
288 637 396 721 ipsum
418 636 554 702 verbum
577 640 628 701 est
650 636 783 720 amoris,
807 658 846 702 ex
868 658 933 720 quo
957 637 1121 702 amicitiae
1143 659 1202 702 nc
1230 656 1243 696 ⁵

185 747 260 790 men
287 728 338 788 est
365 723 510 807 ductum,
539 746 637 808 quam
665 724 693 789 si
716 725 758 790 ad
779 724 923 790 fructum
943 729 1096 791 nostrum
1118 725 1202 790 refe

185 833 305 895 remus,
332 832 399 876 non
421 811 463 875 ad
480 811 571 876 illius
595 813 778 898 commoda,
801 835 898 898 quem
921 813 1109 900 diligemus,
1131 835 1203 879 non

185 901 247 967 erit
273 900 339 964 ista
361 899 520 982 amicitia,
547 900 605 965 sed
626 905 811 966 mercatura
833 901 992 986 quaedam
1014 902 1203 966 utilitatum

185 1010 325 1054 suarum.
360 985 462 1052 Prata
485 990 520 1052 et
541 1009 621 1053 arva
643 991 677 1052 et
698 988 857 1072 pecudum
880 1011 997 1076 greges
1016 990 1203 1076 diliguntur

184 1077 249 1141 isto
277 1075 388 1161 modu,
419 1075 505 1160 quod
531 1075 657 1140 fructus
687 1075 788 1140 exiis
812 1077 997 1162 capiuntur,
1026 1077 1243 1144 hominumn

185 1164 304 1230 caritas
329 1166 362 1228 et
385 1162 530 1228 amicitia
553 1164 699 1250 gratuita
723 1167 781 1228 est.
818 1162 947 1240 Quanto
970 1165 1073 1253 igitur
1089 1167 1201 1252 magis

185 1253 331 1335 deorum,
364 1252 420 1336 qui
448 1250 541 1315 nulla
562 1273 597 1317 re
621 1273 638 1318 e
663 1255 754 1316 entes
778 1255 812 1316 et
833 1252 919 1317 inter
941 1274 977 1318 sc
999 1255 1143 1340 diligunt
1167 1258 1203 1319 et

184 1340 371 1406 hominibus
400 1339 589 1406 consulunt!
635 1273 719 1415 duic
745 1340 780 1404 ni
806 1340 855 1404 ita
882 1341 938 1425 sit,
966 1341 1043 1425 quid
1066 1364 1202 1408 venera-

184 1451 271 1512 mur,
299 1427 377 1511 quid
399 1448 570 1512 precamur
592 1427 691 1493 deos?
724 1449 782 1494 cur
804 1429 905 1494 sacris
927 1429 1113 1513 pontifices,
1141 1453 1202 1496 cur

185 1516 337 1601 auspiciis
366 1536 506 1602 augures
533 1516 712 1600 praesunt?
741 1516 819 1600 quid
841 1520 992 1602 optamus
1016 1539 1036 1582 a
1059 1517 1128 1582 deis
1151 1519 1202 1582 in-
1216 1537 1241 1577 15

184 1604 401 1669 mortalibus?
425 1603 503 1687 quid
524 1604 702 1670 vovemus?
747 1603 795 1668 At
818 1605 918 1668 etiam
940 1605 1025 1670 liber
1047 1608 1099 1670 est
1121 1605 1202 1690 Epi·

133 1708 182 1756 123
198 1693 267 1758 curi
290 1692 329 1756 dc
353 1692 536 1757 sanctitate.
571 1691 730 1758 Ludimur
752 1693 794 1757 ab
816 1692 947 1758 homine
969 1715 1037 1758 non
1058 1696 1129 1759 tam
1151 1695 1201 1759 fa·

184 1784 256 1847 ceto
280 1802 378 1865 quam
402 1780 443 1846 ed
466 1779 627 1845 scribendi
650 1781 816 1846 licentiam
839 1782 952 1847 libero.
997 1780 1087 1857 Quae
1111 1783 1202 1847 enim

183 1872 294 1954 potest
313 1889 383 1933 esse
402 1869 571 1951 sanctitas,
590 1869 619 1932 si
636 1868 688 1932 dei
705 1868 849 1933 humana
866 1891 934 1934 non
951 1871 1089 1935 emant?
1114 1892 1200 1954 quae

184 1961 294 2022 autem
317 1956 466 2022 animans
488 1959 608 2021 natura
625 1957 708 2021 nihil
727 1957 865 2022 curans?
888 1957 1007 2022 Verius
1025 1960 1077 2024 est
1094 1959 1201 2045 igitur
1215 1979 1240 2018 sc

183 2045 337 2110 nimirum
364 2044 460 2128 illud,
489 2043 576 2129 quod
601 2043 774 2109 familiaris
798 2046 942 2111 omnium
964 2050 1115 2111 nostrum
1137 2047 1202 2113 Po·

184 2133 328 2198 sidonius
357 2132 511 2198 disseruit
537 2133 573 2196 in
599 2133 685 2198 libro
713 2134 828 2217 quinto
850 2133 1031 2200 denatura
1053 2134 1200 2220 deorum,

182 2220 292 2285 nullos
324 2241 394 2286 erse
425 2221 502 2285 deos
524 2219 666 2304 Epicuro
694 2221 809 2306 videri,
840 2237 985 2307 quaeque
1011 2223 1040 2288 is
1065 2223 1104 2288 de
1128 2225 1200 2289 deis

183 2308 415 2373 inmortalibus
448 2308 578 2391 dixerit,
609 2309 750 2373 invidiae
778 2309 986 2376 detestandae
1014 2312 1124 2398 gratia
1153 2312 1200 2376 di·

182 2397 278 2461 xisse.
323 2393 437 2479 Neque
460 2395 547 2461 enim
571 2399 641 2461 tam
664 2397 825 2482 desipiens
847 2397 977 2484 fuisset,
1000 2403 1037 2464 ut
1059 2400 1198 2466 homun·
1213 2419 1238 2460 2⁵

183 2484 249 2549 culi
272 2483 413 2548 similem
436 2483 531 2549 deum
553 2484 706 2570 fingeret,
728 2485 928 2552 liniamentis
951 2488 1122 2553 dumtaxat
1145 2511 1199 2554 ex·

182 2572 305 2656 tremis,
329 2593 397 2637 non
414 2571 530 2636 habitu
550 2573 664 2657 solido,
686 2575 841 2639 membris
855 2574 996 2640 hominis
1010 2577 1197 2661 praeditum

183 2660 344 2744 omnibus,
366 2679 428 2724 usu
451 2661 672 2726 membrorum
694 2683 736 2726 ne
758 2661 893 2728 minimo
916 2664 1054 2749 quidem,
1078 2667 1198 2731 exilem

183 2747 344 2834 quendam
369 2750 466 2831 atque
484 2749 694 2833 perlucidum,
716 2749 800 2814 nihil
819 2750 970 2834 cuiquam
987 2753 1197 2839 tribuentem,

180 2835 265 2900 nihil
285 2835 533 2922 gratificantem,
556 2837 688 2902 omnino
707 2837 790 2901 nihil
803 2842 980 2926 curantem,
1001 2841 1084 2906 nihil
1099 2865 1197 2928 agen·
1212 2861 1239 2902 ³⁰

181 2929 258 2990 tem.
305 2921 394 2999 Quae
420 2927 539 2989 natura
566 2925 708 3009 primum
735 2926 828 2990 nulla
855 2947 925 2991 esse
947 2931 1070 3014 potest,
1098 2931 1198 3015 idque

182 3013 295 3078 videns
329 3010 490 3096 Epicurus
527 3033 563 3078 re
594 3013 699 3095 tollit,
734 3014 881 3078 oratione
916 3016 1083 3100 relinquit¹
1104 3019 1199 3103 de0s3

80 3131 84 3134 ·
132 3112 183 3162 124
197 3099 321 3185 deinde,
341 3099 371 3165 si
388 3101 527 3166 maxime
546 3099 624 3164 talis
644 3104 694 3164 est
708 3101 794 3184 deus,
812 3103 955 3168 utnulla
969 3105 1085 3190 gratia,
1102 3108 1199 3173 nulla

182 3188 353 3254 hominum
380 3189 517 3254 caritate
540 3191 704 3273 teneatur,
730 3189 853 3273 valeat,
881 3190 959 3274 quid
982 3192 1067 3256 enim
1091 3193 1199 3260 dicam

180 3275 358 3361 ‘propitius
389 3276 471 3342 sit'?
515 3275 598 3342 Esse
626 3277 713 3340 enim
739 3278 900 3362 propitius
927 3282 1038 3364 potest
1064 3284 1199 3369 nemini,
1213 3299 1237 3342 ss

179 3364 343 3450 quoniam,
365 3368 403 3429 ut
427 3364 545 3449 dicitis,
569 3364 675 3430 omnis
698 3364 733 3429 in
754 3365 969 3433 inbecillitate
992 3370 1043 3434 est
1065 3374 1099 3434 et
1123 3393 1199 3459 gra·

178 3453 227 3518 tia
249 3457 282 3518 et
305 3453 433 3519 caritas.
