2630 3890
174 173 239 237 160
518 169 569 224 DE
586 168 830 226 DIVINATIONE

171 321 243 383 tum
266 315 331 382 11101
353 338 481 381 summa
502 315 640 381 veritate
662 314 698 380 in
719 317 815 380 tanta
837 314 947 401 gloria
968 338 1036 382 non
1057 315 1186 382 luisset.

170 406 286 471 Potest
314 408 424 469 autem
452 403 502 470 vis
530 403 591 468 illa
617 407 737 487 terrae,
767 413 850 488 quae
877 407 1020 469 mentem
1043 403 1185 488 Pythiae

172 493 280 560 divino
299 493 421 558 adflatu
439 492 633 576 concitabat,
651 491 820 556 evanuisse
838 494 1013 575 vetustate,
1031 495 1069 557 ut
1089 515 1185 577 quos·

172 584 247 648 dam
275 582 443 648 evanuisse
470 583 504 645 et
527 579 690 645 exaruisse
714 601 826 645 amnes
849 583 907 645 aut
928 580 965 645 in
987 581 1089 645 alium
1112 603 1185 646 our·

172 692 244 736 sum
267 672 435 736 contortos
459 671 492 732 et
515 667 653 734 deflexos
676 668 832 734 videmus.
870 666 941 753 Sed,
964 671 1001 732 ut
1019 669 1078 754 vis,
1102 671 1185 735 acci·
1215 689 1234 730 s

172 757 269 842 derit,
301 777 422 842 magna
454 755 541 821 enim
572 757 719 841 quaestio
753 760 816 840 est3
848 757 944 823 modo
977 760 1110 822 maneat
1141 757 1186 844 id,

172 845 259 932 quod
284 845 401 932 negari
428 866 496 909 11011
522 847 645 930 potest,
674 843 738 909 nisi
766 866 895 910 omnem
917 845 1090 910 historiam
1113 868 1186 931 per·

119 987 140 1051 2
172 934 376 1018 verterimus,
398 933 513 1012 multis
537 932 652 998 saeclis
675 953 774 998 verax
794 931 898 998 fuisse
920 932 955 997 id
978 933 1155 999 oraculum.

119 987 163 1114 sd)
239 1020 302 1087 Sed
325 1022 515 1088 omittamus
539 1020 684 1104 oracula;
705 1021 873 1086 veniamus
897 1021 940 1086 ad
962 1021 1097 1087 somnia.
1133 1021 1185 1087 De
1281 1071 1283 1073 -

173 1111 290 1196 quibus
319 1110 488 1195 disputans
513 1107 714 1194 Chrysippus
742 1109 855 1173 multis
884 1112 918 1173 et
940 1109 1075 1174 minutis
1097 1129 1185 1176 som·
1201 1132 1234 1171 10

172 1201 236 1264 niis
259 1198 451 1286 colligendis
474 1197 554 1262 facit
576 1197 671 1281 idem,
695 1196 782 1280 quod
799 1196 975 1282 Antipater
998 1220 1037 1262 00
1054 1199 1186 1282 conqui-

172 1310 256 1371 10110,
278 1309 361 1372 quae
379 1285 594 1371 Antiphontis
612 1284 881 1370 interpretatione
901 1285 1063 1371 explicata
1081 1286 1187 1352 decla
1311 1311 1314 1366 1

172 1380 248 1442 rant
281 1376 341 1440 illa
373 1374 502 1459 quidem
534 1395 669 1439 acumen
700 1373 901 1458 interpretis,
938 1374 995 1439 sed
1027 1375 1186 1460 exemplis

174 1463 402 1552 grandioribus
426 1461 532 1528 decuit
554 1462 612 1526 uti.
649 1460 799 1545 Dionysii
821 1465 935 1546 mater,
958 1462 1027 1527 eius
1051 1463 1107 1547 qui
1128 1461 1188 1548 Sy·
1313 1503 1314 1544 1

173 1552 373 1618 1000οἱ01111
395 1554 554 1634 tyrannus
576 1549 649 1634 fuit,
671 1553 709 1614 ut
727 1550 884 1635 scriptum
903 1550 989 1637 apud
1006 1550 1187 1616 Philistum
1202 1573 1234 1614 15
1313 1555 1314 1622 l

175 1645 237 1725 est,
270 1643 304 1706 et
332 1639 462 1704 doctum
489 1638 653 1703 hominem
682 1641 714 1702 et
741 1638 931 1725 diligentem
960 1642 994 1703 et
1016 1640 1188 1724 aequalem
1313 1703 1314 1712 ,

173 1733 359 1813 temporum
384 1728 531 1811 illorum,
559 1749 633 1792 cum
659 1747 843 1812 praegnans
870 1727 956 1792 hunc
977 1727 1086 1812 ipsum
1107 1727 1188 1794 Dio·
1313 1755 1314 1758 ¹

173 1816 304 1900 nysium
332 1815 406 1880 alvo
430 1815 623 1899 contineret,
653 1813 828 1880 somniavit
850 1836 884 1880 se
905 1815 1069 1900 peperisse
1093 1813 1188 1900 Saty·

173 1907 301 1969 riscum.
346 1902 432 1969 Huic
458 1903 653 1988 interpretes
680 1905 920 1987 portentorum,
949 1904 1005 1987 qui
1028 1903 1187 1970 Galeotae

173 1996 245 2057 tum
262 1992 299 2056 in
316 1989 428 2056 Sicilia
445 1991 707 2074 nominabantur,
729 1992 973 2076 responderunt,
992 1995 1030 2056 ut
1049 1993 1096 2056 011
1109 1992 1187 2057 Phi·
1202 2015 1232 2055 ao

173 2081 279 2164 listus,
298 2102 380 2164 eum,
400 2102 496 2164 quem
512 2079 573 2144 illa
588 2078 777 2164 peperisset,
796 2078 1014 2144 clarissimum
1029 2079 1186 2146 Graeciae

121 2181 155 2231 40
175 2169 326 2233 diuturna
345 2189 418 2233 cum
435 2167 568 2232 fortuna
585 2166 665 2232 fore.
700 2164 788 2231 Num
806 2170 839 2232 te
859 2168 900 2232 ad
916 2167 1047 2233 fabulas
1067 2191 1186 2234 revoco

173 2257 226 2323 vel
243 2259 432 2321 nostrorum
449 2255 502 2321 vel
517 2254 715 2320 Graecorum
732 2257 924 2340 politorum?
956 2255 1080 2321 Narrat
1098 2258 1187 2322 euim

176 2349 209 2411 et
232 2343 318 2429 apud
340 2343 482 2408 Ennium
505 2341 650 2408 Vestalis
673 2343 746 2408 illa:

217 2432 354 2498 Eccita
390 2454 472 2498 cum
508 2430 689 2496 tremulis
722 2453 815 2496 anus
848 2432 987 2497 attulit
1019 2435 1186 2500 artubus
1201 2455 1231 2496 25

952 2522 1081 2587 lumen

218 2609 338 2674 Talia
380 2611 461 2672 tum
505 2611 693 2672 memorat
737 2608 947 2674 lacrimans
993 2572 1187 2676 0111011110

951 2718 1095 2763 somno:

220 2784 433 2869 ‘Eurydica
478 2786 691 2870 prognata,
736 2787 849 2869 pater
894 2806 1005 2868 quam
1049 2791 1187 2853 noster

937 2873 1082 2939 amavit

218 2961 332 3027 Vires
373 2959 533 3044 vitaque
570 2980 709 3046 corpus
745 2982 868 3024 meum
903 2982 1000 3027 nunc
1037 2925 1186 3028 deterit

978 3071 1095 3116 omne.

219 3135 314 3202 Nam
351 3157 407 3201 me
443 3135 550 3201 visus
587 3135 697 3200 homo
735 3134 896 3220 pulcher
927 3158 995 3222 per
1026 3159 1188 3205 amoena

952 3225 1096 3291 salicta

218 3309 268 3378 Et
290 3310 396 3395 ripas
418 3314 578 3396 raptare
601 3311 785 3395 locosque
806 3333 941 3397 novos,
965 3313 1023 3378 ita
1046 3315 1132 3381 sola
1201 3335 1229 3375 00

218 3397 404 3483 Postilla,
427 3420 610 3485 germana
633 3421 757 3485 soror,
780 3422 910 3466 errare
933 3400 1094 3468 videbar

219 3485 1185 3576 Tardaquevestigareetquaereretenequeposse
