2528 3880
320 145 387 201 Lis.
405 149 427 202 Ι.
454 147 529 202 esf.
550 155 664 204 ‘es—eu.
688 153 835 215 §se-ss.
1017 146 1082 210 297

66 287 220 372 idemque
251 293 284 354 et
313 312 370 355 rex
397 294 431 355 et
456 295 551 378 peter
577 293 753 358 haberetur
776 291 933 375 omnium,
962 313 1087 376 magns

67 376 251 442 auctoritas
274 381 325 442 est
347 379 506 464 multique
525 384 635 464 testes,
659 381 818 465 siquidem
836 380 941 446 omnis
960 381 1084 445 multos

67 464 232 549 appellari
254 465 377 552 placet,
403 468 453 532 ite
476 469 678 533 consensisse
701 472 815 555 gentes
839 468 974 534 decretis
997 467 1083 534 vide·

66 553 145 618 licet
163 553 359 639 principum,
376 555 460 620 nihil
474 579 545 622 esse
559 579 636 644 rege
650 557 776 640 melius,
795 554 957 642 quoiniam
977 559 1017 636 [p.
1033 572 1086 621 166

42 641 146 706 odeos
176 643 284 708 omnis
311 648 443 709 censent
469 644 565 710 unius
592 645 664 731 regi
684 646 830 729 numine;
857 645 925 710 sive
947 645 1027 710 heec
1049 643 1086 710 in

67 752 179 796 errore
209 729 426 817 inperitorum
454 733 565 818 posite
593 755 663 798 esse
691 738 724 798 et
750 733 937 799 fabularum
964 733 1085 797 similia

67 818 252 903 didicimus,
275 818 445 885 audiemus
468 821 648 886 communis
667 822 762 905 quusi
779 822 927 898 doctores
946 820 1087 886 erudito·

66 929 142 972 rum
159 907 343 992 hominum,
365 907 421 992 qui
438 912 608 994 tamquam
626 909 729 975 oculis
747 910 807 975 illa
824 909 983 992 viderunt,
1003 930 1087 993 quee

66 1017 128 1061 nos
155 995 214 1058 vix
238 994 396 1061 audiendo
423 997 657 1083 cognoscimus.
698 995 851 1082 Quinam,
878 997 985 1082 inquit
1007 997 1087 1062 Lae·

34 1099 56 1138 1⁰
67 1083 143 1166 lius,
161 1083 223 1148 isti
242 1084 341 1149 sunt?
364 1084 410 1148 Et
427 1084 497 1150 ille:
521 1083 583 1163 Qui
601 1089 719 1150 nature
735 1086 879 1151 omnium
894 1107 1002 1150 rerum
1016 1107 1087 1170 per·

67 1171 267 1257 vestigando
285 1176 456 1238 senserunt
474 1195 604 1239 omnem
620 1173 706 1238 hune
720 1174 876 1239 mundum
889 1178 1011 1240 mente.
1026 1223 1034 1238 .
1048 1223 1056 1240 .
1070 1221 1085 1242 .

287 1311 529 1394 [Desiderantur
546 1316 685 1398 popinae
705 1317 871 1397 quattuor]

135 1437 298 1520 [Inopem
320 1443 366 1503 est
386 1458 546 1516 recessere,
568 1458 647 1519 quac
666 1439 703 1502 dc
724 1458 844 1503 summ
866 1438 920 1503 deo
936 1439 984 1503 vel
1004 1437 1087 1503 wea-
1104 1452 1137 1502 cu

68 1526 110 1592 les
136 1527 186 1591 uel
209 1525 406 1607 Pythagoras
432 1531 462 1591 et
482 1527 691 1601 Anaximenes
717 1532 809 1590 acuo
830 1527 876 1591 vel
892 1528 1087 1608 postnwdum

62 1613 179 1702 'Stoicd
203 1612 368 1680 Oleamhcs
389 1618 419 1679 et
440 1613 632 1695 Chrysippus
654 1619 683 1678 et
702 1615 822 1692 Zenon,
844 1615 1087 1680 minostrorum

32 1716 55 1758 1⁵
67 1701 186 1767 Seneca
199 1701 318 1768 Stoicos
339 1707 459 1768 secus
480 1706 510 1766 et
526 1703 591 1783 ipsc
605 1702 728 1767 Tullius
740 1704 995 1783 praedicaverint,
1018 1724 1087 1768 cum

67 1789 102 1855 hi
124 1796 296 1869 mosset,
323 1791 400 1872 quid
420 1791 463 1854 sit
483 1791 569 1867 deus,
591 1790 719 1871 definire
741 1792 924 1855 cumcuim
943 1796 973 1856 et
992 1791 1032 1856 ab
1054 1812 1090 1857 eo
1146 1831 1148 1837 ι

66 1879 132 1945 solo
157 1879 227 1962 repi
249 1879 402 1944 muudum
424 1879 661 1959 adfinncoeriut
681 1898 735 1942 uec
756 1878 816 1942 ulli
837 1879 1003 1944 subiectum
1026 1900 1089 1945 esse

67 1973 214 2046 naturae,
236 1987 307 2031 cum
329 1966 369 2031 ab
391 1967 458 2046 ipso
480 1967 524 2031 sit
544 1966 645 2030 coccis
666 1971 783 2030 nutura
801 1972 957 2049 peucrata.
991 1966 1087 2051 (Lac-

68 2057 191 2122 tantius
213 2057 284 2138 epu
307 2059 338 2120 4.
361 2056 419 2137 3.)]

32 2155 56 2197 s
143 2140 309 2226 ...see
332 2141 361 2207 ss
382 2142 448 2226 vis,
470 2141 572 2224 naen,
595 2141 679 2206 caso
702 2141 765 2206 uei
786 2145 888 2208 sesses
910 2165 970 2210 nee
993 2145 1035 2224 [ρ.
1053 2125 1140 2209 9937

68 2232 168 2297 nimis
193 2231 350 2315 antiquos
373 2251 434 2295 nce
455 2231 524 2294 ullo
545 2229 642 2294 modo
660 2229 828 2295 barbaros.
863 2231 901 2296 L.
923 2230 1020 2315 Istos,
1042 2232 1089 2296 in-
1107 2201 1141 2249 ⁶⁸

69 2320 151 2405 quit,
175 2320 265 2385 volo.
301 2319 335 2385 S.
357 2317 500 2383 Videsne
523 2316 626 2403 igitur
649 2317 755 2382 minus
779 2319 1089 2403 quadringentorum

70 2430 236 2474 annorum
250 2429 321 2473 esse
337 2404 423 2471 hene
436 2405 561 2488 urbem,
578 2407 617 2470 ut
630 2405 700 2469 sine
714 2405 846 2491 regibus
861 2407 926 2471 sit?
949 2407 987 2472 L.
1001 2407 1089 2473 Vero

69 2497 190 2584 mipus.
218 2495 252 2562 S.
276 2493 362 2570 Quid
380 2494 482 2579 ergo?
500 2493 581 2558 hece
600 2492 911 2579 quadringentorum
929 2516 1091 2560 annorum

33 2597 57 2638 ’ὅ
70 2587 164 2650 setes
202 2587 242 2650 ut
277 2582 370 2647 urbis
407 2585 440 2646 et
475 2581 617 2646 civitatis
647 2602 727 2645 num
758 2581 852 2646 valde
884 2581 985 2668 longe
1017 2585 1090 2649 est?

68 2671 107 2738 L.
130 2671 206 2737 Ista
236 2692 330 2754 vero,
358 2669 479 2754 inquit,
509 2669 622 2734 adulte
648 2668 711 2734 vix.
751 2669 784 2734 S.
806 2668 897 2756 Ergo
920 2669 973 2734 his
996 2671 1092 2736 annis

91 2759 326 2845 usdringentis
348 2757 474 2823 Romee
497 2779 554 2821 rex
577 2758 670 2822 eret?
707 2757 745 2822 L.
768 2756 813 2822 Et
841 2758 999 2842 superbus
1023 2759 1091 2843 qui·

70 2782 155 2926 dem
176 2847 183 2932 Ι
203 2848 238 2914 S.
262 2845 348 2923 Quid
371 2846 492 2930 supra?
515 2845 553 2910 L.
575 2843 788 2929 Iustissimus,
812 2849 845 2910 et
869 2845 955 2910 dein·
978 2848 1019 2926 [p.
1039 2862 1093 2912 100

69 2959 147 3022 ceps
176 2939 269 3001 retro
300 2954 404 3019 usque
431 2933 473 2998 ed
495 2932 685 3017 Romulum,
712 2933 768 3017 qui
795 2933 836 2998 eb
859 2933 922 2999 hoc
944 2937 1092 3018 tempore

32 3040 57 3080 ω
70 3047 158 3090 enno
188 3022 423 3090 sescentesimo
450 3041 507 3086 rex
530 3024 609 3086 erat.
644 3020 678 3086 S.
700 3019 790 3106 Ergo
812 3043 854 3086 ne
875 3021 939 3087 iste
962 3022 1092 3106 quidem

68 3112 252 3199 pervetus?
289 3111 328 3176 L.
350 3108 485 3175 Minime
513 3130 550 3174 ec
572 3129 674 3193 prope
697 3112 882 3174 senescente
904 3109 970 3174 iem
994 3109 1093 3175 Grae·

69 3201 130 3267 eie.
168 3199 204 3268 S.
227 3198 330 3283 Oedo,
356 3219 449 3278 num,
473 3194 595 3280 Scipio,
617 3196 833 3262 barbarorum
852 3197 1012 3263 Romulus
1035 3220 1093 3262 rex

68 3289 158 3356 fuit?
197 3288 236 3353 L.
260 3285 311 3370 Si,
332 3289 372 3350 ut
395 3284 512 3349 Graeci
535 3284 646 3349 dicunt
669 3285 775 3350 omnis
798 3289 856 3351 cut
879 3284 996 3350 Graios
1020 3307 1093 3350 esse

70 3380 130 3444 eut
159 3375 338 3457 barbaros,
365 3393 493 3455 vereor,
520 3393 561 3436 ne
584 3372 799 3437 barbarorum
822 3395 879 3438 rex
900 3373 1013 3457 fiierit3
1040 3373 1092 3437 sin

33 3481 58 3523 *ὁ
69 3465 105 3531 id
117 3486 244 3532 nomen
257 3461 407 3527 moribus
422 3459 563 3524 dandum
577 3465 636 3542 est,
650 3482 716 3525 non
729 3461 860 3548 linguis,
872 3482 940 3528 non
950 3460 1091 3527 Graecos
