2630 3890
335 181 403 238 ΜΒ.
423 182 444 238 1.
465 181 540 238 oAP.
561 187 675 239 sa-ss.
699 189 714 250 s
735 188 882 240 120-125.
1053 184 1115 249 191

108 329 196 392 runt.
232 324 397 412 Scriptum
415 330 465 391 est
483 326 572 410 item,
589 347 663 392 cum
681 324 834 412 Critonis,
857 328 908 393 sui
924 326 1107 409 familiaris,
1118 342 1169 391 123

110 416 240 482 oculum
254 416 428 502 alligatum
447 415 591 498 vidisset,
609 415 816 499 quaesivisse,
835 416 913 500 quid
927 419 1026 501 esset3
1044 439 1117 482 cum

111 507 220 568 autem
242 503 299 568 ille
327 502 548 588 respondisset
574 503 609 567 in
636 524 716 589 agro
745 504 928 569 ambulanti
953 505 1117 570 ramulum

111 593 293 676 adductum,
316 594 354 656 ut
369 591 524 656 remissus
539 594 634 676 esset,
652 591 686 655 in
700 592 829 657 oculum
848 614 942 657 suum
956 593 1117 677 recidisse,

81 685 182 763 stum
196 678 359 746 Socrates:
378 678 479 745 ‘Non
497 679 596 744 enim
614 680 783 765 paruisti
796 680 891 745 mihi
904 681 1117 763 revocanti,

111 792 193 835 cum
220 772 365 850 uterer,
395 789 468 852 qua
495 768 616 852 soleo,
644 769 938 853 praesagitione
966 768 1116 835 divina?

110 856 202 922 Idem
225 856 324 921 etiam
347 854 505 940 Socrates,
529 879 602 921 cum
625 856 710 941 apud
731 855 864 922 Delium
886 857 972 922 male
994 879 1117 944 pugna·

110 949 182 1010 tum
212 949 297 1010 esset
318 943 460 1010 Lachete
482 949 632 1029 praetore
654 944 845 1030 fugeretque
868 967 941 1010 oum
963 945 1035 1031 ipso
1058 944 1119 1011 La·

110 1035 217 1118 chete,
243 1037 281 1097 ut
307 1036 441 1098 ventum
468 1036 518 1097 est
540 1032 575 1098 in
597 1032 743 1116 trivium,
771 1033 897 1119 eadem,
923 1055 989 1118 qua
1010 1034 1119 1118 ceteri,

68 1142 96 1181 ιο
109 1122 223 1208 fugere
251 1121 366 1187 noluit.
412 1119 534 1196 Quibus
562 1121 805 1206 quaerentibus,
834 1143 890 1187 eur·
916 1143 983 1187 non
1006 1122 1118 1187 eadem

109 1211 165 1276 via
186 1213 346 1296 pergeret,
370 1209 525 1274 deterreri
548 1231 582 1274 se
606 1231 626 1274 a
648 1208 707 1274 deo
726 1209 820 1293 dixit3
844 1231 916 1276 cum
937 1209 1068 1294 quidem
1085 1210 1118 1294 ii,

110 1299 167 1382 qui
185 1298 251 1363 alia
268 1297 323 1362 via
338 1297 501 1384 fugerant,
518 1297 555 1361 in
571 1297 716 1363 hostium
733 1297 915 1382 equitatum
928 1297 1118 1364 inciderunt.

109 1386 279 1452 Permulta
301 1386 447 1452 conlecta
465 1389 541 1450 sunt
559 1384 601 1451 ab
615 1384 802 1469 Antipatro,
824 1408 907 1470 quae
925 1386 1119 1451 mirabiliter

112 1499 132 1540 a
145 1473 278 1540 Socrate
297 1474 443 1539 divinata
456 1477 545 1558 sunt3
568 1495 650 1558 quae
663 1473 939 1558 praetermittam,
956 1474 1018 1539 tibi
1032 1475 1118 1539 enim

69 1579 97 1622 1⁶
111 1567 191 1629 nota
218 1565 307 1646 sunt,
334 1562 415 1627 mihi
437 1562 479 1627 ad
501 1561 818 1628 commemorandum
839 1584 906 1628 non
927 1563 1118 1628 necessaria.

110 1651 199 1716 Illud
221 1655 332 1716 tamen
355 1651 422 1715 eius
444 1650 634 1736 philosophi
656 1651 864 1736 magnificum
883 1673 920 1716 ac
938 1673 1041 1736 paene
1060 1652 1105 1716 di·
1120 1663 1172 1714 124

111 1740 237 1823 vinum,
265 1739 364 1824 quod,
392 1761 465 1805 cum
491 1739 601 1823 impiis
629 1738 799 1804 sententiis
828 1739 999 1804 damnatus
1024 1743 1119 1823 esset,

113 1828 308 1913 aequissimo
339 1827 448 1892 animo
478 1848 512 1892 se
540 1827 622 1891 dixit
648 1827 745 1912 mori3
776 1848 881 1912 neque
909 1827 995 1894 enim
1022 1827 1118 1893 domo

112 1915 291 2003 egredienti
312 1937 416 2000 neque
438 1915 521 1980 illud
544 1919 750 2002 suggestum,
776 1915 810 1979 in
834 1937 897 2000 quo
921 1938 1052 1981 causam
1074 1915 1119 1980 di·

73 2008 214 2088 rexerat,
236 2003 421 2070 ascendenti
444 2004 573 2089 signum
596 2003 660 2068 sibi
681 2005 794 2086 ullum,
818 2004 904 2088 quod
923 2007 1119 2088 consuesset,

112 2093 216 2159 adeo
239 2093 332 2177 quasi
353 2092 433 2157 mali
455 2092 590 2157 alicuius
612 2092 818 2176 inpendentis
842 2091 962 2157 datum.

177 2180 336 2265 Equidem
364 2180 410 2246 sic
438 2180 591 2264 arbitror,
620 2180 748 2245 etiamsi
776 2181 881 2245 multa
906 2180 1027 2245 fallant
1054 2202 1119 2264 eos,
1129 2185 1173 2250 55

113 2268 169 2355 qui
199 2273 256 2334 aut
284 2272 354 2333 arte
381 2271 438 2333 aut
460 2268 645 2334 coniectura
668 2268 811 2334 divinare
834 2269 1018 2352 videantur,
1049 2289 1119 2333 esse

112 2363 224 2423 tamen
245 2356 492 2441 divinationem3
514 2356 662 2422 homines
685 2360 803 2441 autem,
825 2360 864 2421 ut
883 2357 918 2420 in
936 2357 1051 2421 ceteris
1071 2378 1120 2421 ar-

72 2463 99 2504 a
113 2447 216 2530 tibus,
240 2445 342 2510 sicin
364 2444 426 2511 hae
448 2465 544 2529 posse
565 2444 647 2509 falli.
690 2443 806 2510 Potest
829 2445 979 2528 accidere,
1002 2446 1040 2507 ut
1062 2443 1120 2508 ali·

113 2534 201 2621 quod
232 2534 362 2619 signum
391 2533 487 2597 dubie
517 2532 629 2597 datum
660 2554 720 2617 pro
751 2537 838 2598 certo
869 2535 913 2597 sit
943 2534 1119 2616 acceptum,

112 2626 223 2709 potest
246 2621 377 2705 aliquod
399 2621 535 2686 latuisse
559 2625 615 2686 aut
637 2621 754 2706 ipsum,
777 2624 834 2686 aut
856 2620 943 2705 quod
966 2623 1052 2684 esset
1069 2619 1120 2683 illi

113 2710 318 2777 contrarium.
354 2709 437 2774 Mihi
460 2713 569 2774 autem
593 2709 722 2794 adhoc,
745 2709 784 2774 de
803 2730 866 2793 quo
885 2708 1024 2793 disputo,
1046 2728 1120 2791 pro

113 2799 256 2864 bandum
279 2798 360 2862 satis
383 2800 517 2864 estnon
534 2796 630 2863 modo
648 2798 752 2882 plura,
775 2796 948 2862 sedetiam
966 2795 1120 2881 pauciora

73 2905 99 2944 ³⁰
113 2888 221 2953 divine
252 2907 427 2973 praesensa
458 2889 492 2950 et
517 2885 684 2971 praedicta
709 2885 853 2971 reperiri.
899 2882 984 2960 Quin
1011 2883 1111 2948 etiam
1122 2894 1172 2944 125

112 2977 174 3042 hoc
205 2996 272 3041 non
301 2974 453 3039 dubitans
483 2974 631 3058 dixerim,
663 2974 691 3038 si
720 2995 820 3038 unum
851 2971 973 3056 aliquid
1002 2972 1050 3036 ita
1077 2972 1120 3036 sit

112 3064 313 3150 praedictum
336 3083 621 3147 praesensumque,
648 3066 698 3145 ut,
727 3083 799 3127 cum
822 3060 978 3144 evenerit,
1000 3061 1048 3125 ita
1071 3082 1121 3126 ca-

4 3161 15 3188 *
113 3154 178 3236 dat,
201 3156 238 3218 ut
260 3150 462 3236 praedictum
485 3151 537 3234 sit,
559 3172 664 3234 neque
686 3150 721 3213 in
744 3171 781 3214 eo
801 3150 974 3234 quicquam
992 3170 1069 3214 casu
1087 3153 1121 3213 et

110 3241 249 3307 fortuito
266 3241 392 3304 lactum
410 3259 480 3302 esse
499 3242 665 3324 appareat,
689 3259 758 3303 esse
778 3241 863 3304 certe
878 3236 1120 3321 divinationem,

72 3344 98 3386 ⁸5
111 3329 208 3414 idque
231 3349 302 3393 esse
325 3326 474 3393 omnibus
498 3327 722 3392 confitendum.

179 3416 337 3493 Quocirca
354 3415 494 3501 primum
513 3414 593 3480 mihi
612 3414 748 3498 videtur,
770 3420 808 3480 ut
820 3414 1014 3481 Posidonius
1031 3414 1120 3497 facit,

112 3527 133 3571 a
156 3505 226 3589 deo,
248 3504 287 3569 de
310 3525 374 3589 quo
398 3503 479 3568 satis
503 3503 624 3568 dictum
647 3505 707 3586 est,
730 3503 842 3568 deinde
865 3525 885 3569 a
904 3503 983 3588 fato,
1007 3501 1120 3567 deinde
