2630 3890
359 126 426 181 ΜΒ.
445 127 481 184 11.
501 127 577 181 CAP.
597 133 710 183 so-ce.
730 133 745 194 s
765 133 913 183 104-109.
1074 126 1139 192 235

126 269 237 355 refert,
257 270 285 335 si
304 270 447 355 accipere
465 293 531 336 non
573 272 745 336 ossumus?
771 270 964 336 Extremum
977 276 1033 337 est:
1052 269 1139 336 ‘Est

126 359 252 444 igitur
282 358 497 424 divinatio?
543 295 593 423 dit
623 363 816 444 extremum,
848 360 998 425 effectum
1027 363 1139 424 tamen

126 469 195 512 non
218 449 282 530 est3
304 469 344 511 ex
367 447 461 512 falsis
486 447 580 531 eninr,
607 450 645 511 ut
664 448 705 512 ab
724 447 804 532 ipsis
824 447 1003 532 didicimus,
1025 469 1139 512 verum

127 534 214 600 effici
235 556 303 601 non
325 538 443 620 potest.
479 534 568 600 Iacet
590 535 693 621 igitur
715 539 788 602 tota
810 536 983 601 conclusio.

98 641 113 682 s
193 621 372 687 Veniamus
399 644 484 689 nunc
512 622 553 688 ad
581 627 751 708 optumum
777 624 897 708 virum,
927 623 1125 689 familiarem
1140 595 1191 722 ΕΞ

125 715 285 796 nostrum,
309 710 510 796 Cratippum.
548 708 602 774 ‘Si
625 711 707 776 sine
736 711 882 796 oculis',
904 712 1024 797 inquit,
1048 711 1139 778 ‘non

125 802 259 884 potest
272 803 424 864 exstare
439 798 616 864 officium
631 803 668 864 et
683 821 817 864 munus
829 801 1039 884 oculorum,
1053 820 1139 885 pos·

127 891 219 952 sunt
241 891 369 953 autem
392 886 602 972 aliquando
626 889 729 954 oculi
751 910 826 953 non
843 887 954 974 fungi
973 910 1041 953 suo
1060 910 1138 953 mu-

126 997 230 1059 nere,
254 974 318 1060 qui
340 976 402 1040 vel
425 975 545 1040 semel
563 975 620 1040 ita
638 979 698 1040 est
716 998 807 1041 usus
826 977 964 1060 oculis,
986 978 1029 1041 ut
1047 997 1139 1040 vera

84 1067 318 1148 10oerneret,
344 1063 377 1127 is
404 1063 522 1128 habet
551 1085 703 1128 sensum
726 1065 924 1130 oculorum
947 1087 1038 1129 vera
1060 1086 1139 1129 cer·

125 1151 307 1216 nentium
349 1151 447 1216 Item
469 1151 607 1236 igitur,
636 1153 669 1216 si
692 1153 774 1217 sine
798 1152 1040 1218 divinatione
1062 1174 1138 1217 non
1167 1232 1169 1240 J

125 1243 258 1325 potest
281 1239 459 1305 officium
480 1243 663 1305 etmunus
687 1241 947 1306 divinationis
970 1243 1138 1323 exstare,

125 1331 262 1412 potest
289 1331 429 1412 autem,
457 1350 539 1393 cum
567 1329 653 1412 quis
677 1329 958 1394 divinationem
980 1328 1137 1412 habeat,

126 1438 258 1481 errare
290 1416 499 1501 aliquando
531 1437 600 1481 nec
630 1437 721 1482 vera
748 1438 920 1499 cernere,
952 1417 1050 1481 satis
1078 1420 1139 1481 est

85 1523 112 1566 rs
127 1504 173 1569 ad
200 1503 507 1570 confirmandam
535 1504 815 1570 divinationem
839 1505 957 1569 semel
986 1504 1139 1589 aliquid

124 1593 185 1658 ita
207 1613 289 1658 esse
313 1593 543 1676 divinatum,
570 1592 671 1657 nihil
694 1598 736 1658 ut
757 1592 926 1658 fortuito
950 1592 1138 1658 cecidisse

125 1680 319 1764 videntum
351 1684 441 1745 sunt
473 1684 599 1746 autem
630 1681 711 1745 eius
739 1680 894 1766 generis
921 1681 1139 1747 innumera·

125 1769 238 1854 bilia3
278 1791 361 1834 esse
397 1769 521 1854 igitur
558 1759 838 1834 divinationem
874 1769 1139 1834 confitendum

126 1857 206 1922 est'
241 1856 371 1922 Festive
395 1861 428 1922 et
449 1856 607 1940 breviter;
631 1857 686 1922 sed
710 1857 856 1922 cumbis
881 1857 1029 1943 sumpsit,
1052 1857 1139 1943 quod

85 1945 247 2030 involuit,
274 1945 404 2010 etiamsi
430 1945 543 2011 faciles
570 1967 631 2011 nos
655 1946 696 2010 ad
718 1945 955 2011 concedendum
976 1945 1139 2031 habuerit,

125 2034 160 2098 id
187 2037 310 2118 tamen,
339 2034 425 2119 quod
449 2034 604 2117 adsumit,
632 2033 763 2100 concedi
785 2034 877 2099 nullo
900 2034 996 2100 modo
1019 2038 1138 2119 potest.

127 2119 208 2206 (δί’,
239 2122 359 2207 inquit,
392 2122 618 2207 ‘aliquando
651 2122 755 2188 oculi
781 2126 955 2207 peccent,
986 2127 1192 2206 tamen,108

126 2209 218 2294 quia
239 2215 345 2276 recte
369 2210 583 2296 aliquando
606 2210 800 2294 viderunt,
814 2211 928 2276 inest
949 2211 989 2276 in
1010 2210 1061 2275 iis
1079 2212 1138 2276 vis

125 2298 296 2381 videndi3
318 2299 425 2382 item,
449 2299 481 2363 si
505 2298 590 2383 quis
614 2299 731 2364 semel
755 2298 906 2383 aliquid
928 2299 968 2364 in
985 2298 1139 2363 'divina-

85 2387 233 2452 atione
261 2387 489 2473 dispexerit,
517 2388 559 2471 is,
587 2387 704 2452 ctiam
732 2408 814 2453 cum
837 2391 983 2472 peccet,
1011 2391 1139 2452 tamen

126 2475 420 2540 existumandus
445 2475 497 2539 sit
520 2475 662 2540 habere
684 2475 760 2541 vim
783 2474 1005 2539 divinandi?
1046 2473 1192 2558 Vide,53

127 2585 257 2647 quaeso,
280 2562 435 2648 Cratippe
457 2567 579 2646 noster,
603 2585 702 2648 quam
724 2563 791 2628 sint
813 2563 879 2628 ista
901 2563 1034 2645 similia3
1061 2585 1138 2627 nam

127 2651 209 2716 mihi
229 2673 297 2716 non
315 2651 473 2716 videntur.
505 2650 599 2716 Oculi
617 2652 704 2716 enim
721 2673 799 2716 vera
817 2654 984 2717 cernentes
1002 2654 1139 2715 utuntur

127 2742 247 2805 natura
269 2743 367 2824 atque
391 2762 496 2823 seusu,
520 2739 629 2823 animi,
652 2739 681 2804 si
704 2739 833 2824 quando
855 2739 908 2804 vel
931 2738 1139 2804 vaticinando

86 2844 113 2886 so
126 2828 180 2892 vel
208 2829 399 2893 somniando
425 2850 500 2892 vera
522 2828 685 2912 viderunt,
712 2827 764 2892 usi
787 2830 863 2892 sunt
885 2826 1017 2892 fortuna
1040 2830 1139 2911 atque

127 2938 218 3000 casu3
246 2915 311 2980 nisi
338 2915 425 2981 forte
453 2937 661 2981 concessuros
689 2915 752 2980 tibi
780 2916 957 2980 existumas
985 2935 1053 3000 eOS,
1084 2915 1140 3000 qui

128 3004 255 3073 somnia
281 3026 341 3089 pro
370 3004 504 3068 somniis
532 3005 670 3087 habent,
697 3004 877 3088 siquando
902 3003 1140 3088 aliquodsom·

125 3093 218 3157 nium
246 3113 359 3157 verum
383 3093 537 3176 evaserit,
562 3114 630 3158 nou
651 3092 686 3157 id
707 3091 845 3158 fortuito
870 3091 1032 3158 accidisse.
1076 3089 1139 3157 Sed

127 3181 240 3246 demus
267 3180 331 3245 tibi
358 3180 441 3244 istas
469 3180 549 3245 duas
577 3181 778 3267 sumptiones
806 3177 859 3267 (ea
882 3201 964 3265 quae
987 3177 1140 3264 λήμματα

86 3285 113 3326 as
128 3268 298 3354 appellant
326 3269 501 3352 dialectici,
530 3269 586 3333 sed
613 3291 673 3335 nos
696 3269 812 3334 Latine
840 3268 931 3354 loqui
953 3266 1140 3354 malumus),

128 3357 313 3442 adsumptio
337 3360 449 3420 tamen
467 3355 580 3443 (quam
598 3355 789 3440 πρόσληψιν
807 3357 905 3422 iidem
923 3355 1055 3442 vocant)
1073 3379 1140 3422 non

127 3444 268 3510 dabitur.
305 3443 459 3510 Adsumit
478 3448 586 3510 autem
606 3443 782 3528 Cratippus
801 3445 863 3512 hoc
884 3445 994 3511 modo:
1019 3443 1130 3510 ‘Sunt
1141 3456 1192 3506 109
