2630 3890
191 173 256 236 248
537 169 586 224 ΒΕ
605 169 848 225 DIVINATIONE

192 315 283 380 cisse.
322 313 426 379 Video
450 313 672 398 sympathiam
694 313 800 378 visum
823 318 874 379 est
897 314 982 378 enim
1005 313 1073 379 tale
1096 314 1202 379 obiee-

192 407 263 468 tnm
285 401 473 486 dormienti,
500 406 537 466 ut
559 401 606 485 id,
634 401 719 485 quod
742 402 862 484 evenit,
889 405 1025 467 naturae
1047 402 1112 483 vis,
1135 423 1203 467 non

193 491 302 594 opinio
335 489 454 591 erroris
485 489 642 642 dffeoerii'i
678 487 767 565 Quae
800 491 902 576 igitur
930 493 1051 555 natura
1078 490 1202 592 obtulit

193 579 1240 751 tilmqullelllmssmitssutelmqlludialeluifflssltii⁵
1283 647 1291 756 ,¹

194 756 347 823 scribitur
364 753 548 820 somnium?
572 754 628 837 qui
645 755 743 838 paulo
762 758 838 819 ante
855 755 1024 820 interitum
1041 755 1132 820 visus
1151 759 1203 820 est
1282 758 1288 799 ²

192 844 226 910 in
250 841 373 908 somnis
397 841 519 906 amicae
541 863 612 906 esse
631 842 768 908 amictus
788 842 936 908 amiculo.
971 841 1005 907 Is
1024 864 1098 908 cum
1116 846 1203 908 esset
1281 838 1287 849 '

192 931 355 1017 proiectus
382 929 570 995 inhumatus
598 930 640 995 ab
668 930 881 1015 omnibusque
903 930 1050 996 desertus
1071 930 1203 1015 iaceret,

194 1019 298 1084 amica
324 1039 440 1104 corpus
468 1018 536 1084 eius
559 1017 641 1082 texit
664 1039 722 1083 suo
746 1019 857 1102 pallio.
897 1017 988 1104 Ergo
1010 1019 1073 1084 hoc
1094 1019 1203 1084 inerat

193 1108 228 1172 in
254 1107 350 1172 rebus
377 1105 496 1171 futuris
524 1109 557 1170 et
580 1127 694 1172 causus
716 1107 876 1171 naturalis
899 1106 1055 1192 habebat,
1083 1129 1140 1191 an,
1167 1111 1202 1172 et
1217 1131 1241 1168 ιο
1292 1099 1295 1228 Ι

194 1198 231 1259 ut
253 1194 416 1259 videretur
440 1197 472 1258 et
495 1197 532 1258 ut
555 1195 708 1277 eveniret,
731 1216 823 1260 casus
847 1195 974 1260 effecit?
1295 1229 1296 1312 p

142 1255 194 1381 Zp,
261 1281 365 1358 Quid?
388 1283 535 1366 ipsorum
555 1283 769 1367 interpretum
789 1283 992 1348 coniecturae
1010 1305 1117 1349 nonne
1136 1306 1204 1350 ma·
1295 1313 1296 1332 κ

195 1371 246 1458 gis
269 1371 401 1457 ingenia
423 1370 590 1436 declarant
613 1392 725 1436 eorum
745 1393 843 1455 quam
861 1371 928 1436 vim
946 1393 1203 1456 consensumque
1296 1346 1297 1426 i

193 1459 351 1525 naturae?
383 1457 505 1524 Cursor
528 1458 569 1522 ad
588 1458 739 1543 Olympia
761 1459 922 1543 proficisci
945 1460 1093 1544 cogitans
1111 1460 1202 1525 visus
1297 1461 1298 1554 l

195 1550 245 1612 est
267 1547 303 1612 in
324 1546 448 1612 somnis
472 1568 566 1612 curru
586 1547 817 1632 quadrigarum
834 1547 918 1612 vehi.
954 1546 1050 1612 Mane
1070 1548 1112 1612 ad
1129 1570 1242 1614 con-1⁵
1298 1578 1299 1636 p

194 1636 348 1701 ieetorem
392 1634 440 1700 At
461 1634 530 1699 ille:
554 1634 736 1719 ‘Vinces',
758 1635 877 1719 inquit,
905 1635 959 1700 ‘id
981 1636 1082 1701 enim
1104 1638 1203 1702 cele·
1299 1694 1300 1732 ,

194 1724 293 1789 ritas
322 1722 526 1808 significat
555 1727 592 1787 et
619 1724 677 1788 vis
701 1723 903 1807 equorum?
944 1722 1025 1790 Post
1051 1724 1138 1789 idem
1161 1725 1203 1790 ad
1297 1733 1300 1752 “

195 1812 441 1896 Antiphontem
472 1808 506 1875 Is
525 1815 647 1876 autem:
670 1810 877 1895 ‘Vincere',
895 1811 1011 1896 inquit,
1031 1811 1203 1879 ‘neeesse
1300 1812 1301 1862 l

196 1904 270 1983 est,
298 1922 344 1964 an
365 1921 441 1964 non
463 1899 668 1985 intellegis
692 1904 878 1983 quattuor
900 1904 988 1965 ante
1011 1904 1049 1965 te
1073 1923 1203 1967 cucur·
1301 1929 1302 1934 ¹

195 1987 332 2053 risse‘l'
372 1987 456 2052 Eece
484 1987 566 2052 alius
594 2008 705 2052 cursor
728 1985 840 2072 (atque
861 1988 979 2053 horum
1002 1990 1202 2055 somniorum
1218 2010 1245 2048 20

196 2080 229 2142 et
246 2076 363 2141 talium
381 2077 496 2160 plenus
515 2079 566 2140 est
584 2074 758 2159 Chrysippi
775 2076 866 2159 liber,
889 2076 1004 2161 plenus
1019 2077 1202 2162 Antipatri)
1301 2127 1302 2138 ,

195 2201 237 2214 --
254 2164 310 2230 sed
328 2164 369 2230 ad
388 2185 550 2229 cursorem
565 2163 673 2228 redeo:
691 2163 744 2228 Ad
757 2163 969 2248 interpretem
983 2164 1101 2229 detulit
1115 2167 1204 2249 aqui·
1301 2169 1302 2172 ’

195 2254 262 2318 lam
291 2274 325 2318 se
353 2253 389 2317 in
416 2251 537 2317 somnis
560 2252 667 2317 visum
690 2273 760 2316 esse
782 2251 914 2317 factum.
955 2252 1002 2317 At
1024 2253 1094 2318 ille:
1123 2254 1203 2319 ‘Vi-

196 2341 301 2425 cisti3
327 2341 407 2406 ista
434 2339 533 2404 enim
561 2340 623 2405 ovi
650 2340 759 2405 volat
781 2340 892 2405 nulla
914 2340 1202 2407 vehementius?

195 2429 281 2496 Huic
316 2428 420 2494 eidem
456 2427 616 2512 Antipho:
658 2426 820 2512 ‘Baro',
855 2428 976 2514 inquit,
1013 2429 1245 2496 ‘victuma

196 2521 234 2582 te
266 2538 351 2582 esse
385 2537 461 2580 non
491 2515 621 2581 vides?
657 2515 736 2580 ista
763 2516 861 2581 enim
890 2518 972 2582 avis
1004 2517 1202 2583 insectans

197 2605 297 2671 alies
334 2603 417 2670 avis
454 2607 491 2668 et
523 2604 678 2689 agitans
711 2626 859 2688 semper
890 2605 976 2689 ipsa
1006 2612 1204 2690 postrema

146 2705 195 2755 145
210 2693 294 2760 est'.
328 2691 449 2758 Parere
472 2692 633 2775 quaedam
648 2695 799 2757 matrona
822 2693 952 2777 cupiens
973 2693 1133 2776 dubitans,
1157 2716 1204 2759 es·

198 2787 287 2847 setne
305 2801 498 2866 praegnans,
520 2779 592 2844 visa
610 2780 713 2845 estin
731 2780 838 2864 quiete
857 2781 1064 2866 obsignatam
1082 2781 1203 2847 habere
1299 2813 1302 2828 ·

196 2873 357 2934 naturam.
392 2867 543 2932 Rettulit.
578 2866 722 2952 Negavit
744 2889 829 2952 eam,
852 2869 1005 2952 quoniam
1030 2869 1204 2956 obsignata
1218 2889 1244 2930 eu

196 2957 325 3038 fuisset,
364 2956 530 3039 concipere
565 2956 720 3040 potuisse.
771 2955 818 3021 At
854 2956 938 3020 alter
969 2961 1204 3044 praegnantem

198 3066 268 3109 esse
287 3043 381 3127 dixit,
403 3065 479 3108 nam
498 3043 593 3108 inane
613 3043 780 3128 obsignari
797 3043 880 3109 nihil
900 3046 1012 3110 solere.
1048 3043 1137 3120 Quae
1153 3051 1205 3112 est

198 3154 250 3196 ars
278 3131 470 3196 coniectoris
498 3131 658 3196 eludentis
688 3131 841 3216 ingenio?
868 3155 910 3198 un
938 3154 988 3216 ea,
1019 3155 1101 3217 quae
1129 3135 1205 3219 dixi,

197 3223 231 3284 et
257 3219 520 3303 innumerabilia,
553 3241 635 3303 quae
662 3218 808 3284 conlecta
834 3219 956 3284 habent
979 3219 1091 3304 Stoici,
1119 3223 1205 3306 quie-

198 3329 295 3390 quam
325 3307 510 3393 significant
536 3307 601 3371 nisi
628 3329 763 3372 acumen
790 3307 956 3373 hominum
985 3330 1023 3374 ex
1055 3310 1205 3375 similitu·
1220 3329 1247 3369 es

198 3395 272 3460 dine
304 3395 413 3479 aliqua
445 3394 662 3460 coniecturam
690 3393 786 3459 modo
814 3395 889 3479 huc,
919 3397 1014 3461 modo
1044 3397 1123 3464 illuc
1150 3399 1206 3464 du·

197 3483 360 3548 centium?
398 3482 514 3547 Medici
545 3482 639 3567 signa
667 3483 824 3566 quaedam
847 3483 970 3548 habent
998 3507 1036 3548 ex
1058 3486 1148 3550 venis
1172 3490 1206 3552 et
