2526 3880
192 173 236 237 98
504 172 554 227 DE
572 172 724 228 NATURA
742 171 897 228 DEORUM

14 355 15 408 j
139 279 192 405 ᾗ
207 315 324 381 similis
348 317 462 401 procul
485 317 675 382 amandavit
698 340 718 382 a
740 318 897 382 sensibus.
937 314 1016 393 Quis
1038 336 1116 380 vero
1138 312 1206 397 opi-

192 403 247 469 fex
274 408 405 489 praeter
432 408 599 490 naturam,
627 427 692 490 qua
717 405 800 470 nihil
822 409 932 490 potest
955 425 1026 469 esse
1050 401 1206 484 callidius,

193 495 322 564 tantam
341 493 524 558 sollertiam
542 494 693 579 persequi
710 495 872 579 potuisset
885 493 920 557 in
935 491 1104 556 sensibus?
1123 511 1205 574 quae

192 579 335 668 primum
354 581 466 646 oculos
485 581 682 646 membranis
701 581 900 646 tenuissimis
919 580 1053 645 vestivit
1070 581 1102 643 et
1117 599 1205 661 saep-

194 669 252 754 sit,
284 690 365 752 quas
391 669 535 755 primum
562 669 745 754 perlucidas
771 669 863 753 fecit,
895 672 933 733 ut
958 690 1018 754 per
1041 689 1096 732 eas
1119 665 1238 730 cernis

192 760 318 844 posset,
345 756 457 821 firmas
487 760 610 840 autem,
637 761 676 822 ut
698 757 954 840 continerentur3
985 755 1043 820 sed
1065 754 1204 819 lubricos

193 846 305 911 oculos
328 843 406 909 fecit
428 847 462 909 et
485 845 632 929 mobiles,
655 849 749 910 utet
772 847 980 929 declinarent,
1003 844 1032 908 si
1056 843 1134 928 quid
1150 863 1205 906 no·

194 936 293 1015 aeret,
324 935 357 996 et
384 936 566 1017 aspectum,
597 955 661 1018 quo
683 935 819 1018 vellent,
848 933 943 998 facile
966 932 1205 1012 converterent,

194 1020 342 1105 aciesque
364 1020 447 1105 ipsa,
470 1043 535 1105 qua
556 1021 726 1105 cernimus,
750 1043 832 1106 quae
850 1021 974 1106 pupula
991 1024 1137 1102 vocatur,
1159 1019 1205 1082 ita

192 1130 296 1194 parva
324 1110 388 1192 est,
419 1111 458 1173 ut
485 1131 536 1193 ea,
566 1131 648 1194 quae
676 1131 792 1175 nocere
818 1109 960 1194 possint,
991 1107 1088 1173 facile
1115 1107 1204 1187 vitet,
1217 1127 1239 1168 n

192 1196 442 1282 palpebraeque,
466 1219 548 1281 quae
572 1201 649 1262 sunt
667 1201 836 1282 tegmenta
855 1197 1033 1279 oculorum,
1056 1193 1204 1261 mollissi-

193 1306 266 1349 mae
288 1288 389 1368 tactu,
411 1306 452 1350 ne
475 1285 640 1350 laederent
664 1286 774 1370 aciem,
797 1285 966 1370 aptissime
987 1284 1096 1348 factae
1115 1281 1206 1347 etad

193 1373 387 1439 claudendas
410 1373 564 1459 pupulas,
586 1396 627 1438 ne
650 1374 728 1457 quid
750 1374 919 1457 incideret,
942 1372 1040 1437 etad
1064 1371 1205 1457 aperien-

193 1462 260 1546 das,
282 1461 379 1546 idque
402 1462 546 1546 providit
567 1465 606 1526 ut
627 1462 803 1526 identidem
825 1461 896 1526 fieri
918 1463 1031 1546 posset
1050 1482 1124 1525 eum
1143 1481 1206 1524 ma-

141 1565 191 1614 143
205 1551 295 1614 xima
313 1549 488 1614 celeritate.
520 1549 729 1634 Munitaeque
748 1553 824 1613 sunt
842 1549 1019 1634 palpebrae
1038 1550 1204 1632 tamquam
1218 1564 1236 1605 a

192 1639 281 1705 vallo
303 1637 459 1722 pilorum,
487 1638 605 1722 quibus
629 1641 663 1702 et
685 1639 808 1722 apertis
832 1637 949 1720 oculis,
977 1636 1005 1700 si
1030 1637 1107 1720 quid
1129 1635 1204 1700 inci-

192 1727 292 1809 deret,
314 1726 536 1810 repelleretur,
559 1729 592 1790 et
615 1747 729 1790 somno
753 1725 988 1808 coniventibus,
1011 1747 1086 1789 cum
1105 1722 1204 1789 oculis

193 1814 235 1880 ad
262 1813 457 1879 cernendum
484 1835 550 1879 non
579 1834 758 1900 egeremus,
786 1813 860 1896 †ut
888 1813 943 1896 qui
966 1815 1136 1897 tamquam
1160 1813 1204 1876 in·

192 1901 297 1968 voluti
326 1901 537 1986 quiescerent.
586 1901 706 1966 Latent
734 1904 904 1986 praeterea
932 1900 1061 1965 utiliter
1094 1904 1127 1966 et
1158 1921 1205 1964 ex·

193 1990 288 2056 celsis
326 1989 467 2073 undique
502 1989 652 2074 partibus
689 1989 886 2074 saepiuntur.
939 1988 1088 2053 Primum
1120 1989 1235 2052 anima

193 2077 362 2163 superiora
398 2077 580 2161 superciliis
617 2077 757 2142 obducta
793 2076 945 2141 sudorem
982 2099 1002 2142 a
1035 2079 1142 2162 capite
1175 2079 1204 2138 et

191 2166 301 2231 fronte
324 2164 517 2229 defluentem
536 2166 713 2250 repellunt3
737 2186 838 2250 genae
858 2164 972 2228 deinde
992 2165 1034 2230 ab
1053 2163 1203 2229 inferiore

192 2257 287 2340 parte
310 2255 460 2317 tutantur
483 2253 646 2318 subiectae
669 2253 849 2337 leniterque
873 2253 1068 2336 eminentes,
1095 2273 1204 2317 nasus-

194 2365 256 2428 que
279 2341 326 2406 ita
349 2341 476 2405 locatus
500 2345 559 2424 est,
581 2344 619 2406 ut
642 2341 735 2426 quasi
758 2361 869 2404 murus
894 2341 997 2405 oculis
1016 2341 1203 2406 interiectus

141 2444 193 2493 144
208 2452 279 2495 esse
313 2429 470 2494 videatur.
519 2428 660 2494 Auditus
693 2431 803 2492 autem
834 2449 963 2513 semper
994 2433 1103 2513 patet3
1139 2429 1234 2493 eius2⁵

194 2519 280 2584 enim
304 2539 401 2582 sensu
423 2517 523 2581 etiam
546 2517 741 2582 dormientes
765 2537 911 2602 egemus3
935 2538 955 2580 a
978 2538 1043 2601 quo
1066 2539 1141 2582 oum
1160 2537 1205 2581 so

192 2628 254 2671 nus
278 2608 330 2670 est
352 2608 513 2689 acceptus,
537 2605 677 2669 etiams
700 2625 814 2669 somno
838 2604 1026 2668 excitamur.
1072 2605 1205 2670 Flexuo·

194 2717 267 2759 sum
290 2695 354 2758 iter
375 2692 485 2776 habet,
509 2714 550 2757 ne
575 2692 652 2776 quid
674 2693 796 2757 intrare
818 2692 934 2777 possit,
958 2692 986 2756 si
1010 2693 1154 2778 simplex
1177 2695 1205 2756 et

194 2783 358 2847 derectum
381 2784 522 2865 pateret3
545 2781 712 2865 provisum
735 2779 843 2862 etiam,
865 2782 911 2861 ut,
935 2779 964 2843 si
988 2800 1054 2863 qua
1072 2782 1205 2846 minima

193 2870 334 2934 bestiola
352 2872 525 2934 conaretur
542 2869 735 2952 inrumpere,
753 2867 788 2932 in
807 2866 956 2931 sordibus
976 2869 1110 2934 aurium
1128 2874 1234 2934 tam-³⁰

194 2979 293 3041 quam
318 2957 354 3020 in
380 2956 468 3021 visco
496 2956 742 3020 inhaeresceret.
792 2955 896 3020 Extra
924 2958 1035 3020 autem
1064 2959 1205 3022 eminent

194 3066 277 3128 quae
301 3045 509 3128 appellantur
533 3065 627 3107 aures
651 3047 684 3107 et
706 3043 838 3128 tegendi
856 3064 954 3107 causa
971 3043 1081 3108 factae
1102 3049 1205 3110 tutan·

193 3132 289 3215 dique
317 3153 444 3215 sensus,
472 3135 505 3196 et
531 3152 573 3194 ne
600 3131 743 3196 adiectae
772 3152 866 3196 voces
894 3131 1087 3196 laberentur
1112 3139 1205 3217 atque

193 3223 349 3302 errarent,
371 3219 462 3304 prius
487 3239 584 3302 quam
608 3239 720 3282 sensus
744 3218 785 3282 ab
808 3219 849 3282 iis
872 3220 986 3302 pulsus
1012 3224 1111 3286 esset.
1149 3219 1206 3286 Sed

192 3308 290 3372 duros
322 3311 355 3371 et
384 3307 477 3390 quasi
504 3306 672 3371 corneolos
699 3306 822 3369 habent
844 3306 1000 3372 introitus
1028 3309 1234 3394 multisque³⁵

191 3418 265 3462 cum
297 3394 447 3478 flexibus,
480 3393 565 3478 quod
598 3393 649 3457 his
681 3393 806 3457 naturis
834 3395 957 3458 relatus
987 3397 1206 3480 amplificatur

190 3503 304 3566 sonus3
336 3483 486 3565 quocirca
513 3485 546 3544 et
572 3481 607 3545 in
629 3481 747 3546 fidibus
770 3481 930 3546 testudine
953 3489 1133 3551 resonatur
1155 3487 1207 3552 aut
