2528 3880
193 161 257 224 328
551 160 601 214 DE
619 160 668 214 RE
685 159 840 216 PUBLIOA

72 329 75 340 ¹
191 305 287 370 unius
316 327 355 370 ex
381 305 449 369 illis
477 305 582 370 xviris
608 305 833 391 intemperiem
860 305 895 369 in
920 305 993 370 foro
1023 328 1081 371 sua
1103 329 1207 372 manu

191 393 410 458 interemisset
437 416 474 458 ac
502 415 649 458 maerens
679 394 719 459 ad
743 393 931 477 exercitum,
959 395 1108 478 quitum
1134 399 1208 460 erat

191 482 226 546 in
243 481 374 567 Algido,
398 481 607 566 confugisset,
630 482 751 546 milites
770 482 895 546 bellum
911 483 1004 566 illud,
1028 485 1208 567 quoderat
1252 477 1253 568 ¹

190 569 225 633 in
257 570 421 654 manibus,
452 570 622 653 reliquisse
655 573 688 634 et
719 570 861 655 primum
892 575 1039 636 montem
1067 594 1207 655 sacrum,
1252 619 1253 656 ,

191 658 276 723 sicut
299 658 425 723 eratin
448 658 549 722 simili
571 680 669 722 causa
692 663 789 723 antea
809 658 942 742 factum,
966 659 1080 724 deinde
1097 661 1231 724 Aren-⁵
1252 671 1253 694 ¹

190 747 297 810 tinum
320 751 456 810 armatos
478 748 637 812 insedisse.
653 797 660 812 .
675 796 705 812 ..
1252 745 1253 772 ¹

447 886 688 967 [Desideroalar
705 889 841 970 popinae
863 890 949 969 octo]

257 1011 375 1076 Dicere
403 1012 553 1074 mantum
578 1031 639 1092 pro
672 1012 873 1093 desipacoerc.
909 1010 970 1076 oo.
999 1015 1095 1078 dere
1116 1014 1206 1096 publ.
1252 1001 1253 1008 ¹

190 1101 251 1166 sic:
275 1100 432 1164 dictatore
450 1098 486 1163 L.
505 1097 655 1173 Quinctio
675 1098 770 1164 dicto.
789 1099 1025 1184 (Philorpqrc'as
1037 1103 1081 1166 ad
1094 1102 1206 1185 Vcrpil.

192 1187 300 1270 Georp.
325 1187 393 1252 ΙΙΙ
411 1188 498 1270 125.)

191 1305 218 1357 p.
239 1279 304 1356 193]
379 1277 597 1340 ...maiores
624 1278 756 1340 nostros
784 1278 818 1339 et
844 1276 1036 1360 probavisse
1063 1278 1206 1343 maxime
1220 1295 1241 1333 1⁰

193 1367 226 1429 et
249 1364 421 1428 retinuisse
445 1363 683 1448 sapientissime
705 1363 820 1427 iudico.
1252 1423 1253 1426 ,

140 1426 182 1553 {f
259 1451 342 1518 Cum
364 1474 402 1516 ea
421 1449 528 1536 Scipio
548 1451 683 1516 dixisset
701 1451 895 1535 silentioque
914 1453 1060 1517 omnium
1078 1455 1206 1538 reliqua

193 1541 261 1605 eius
285 1544 508 1626 expectaretur
532 1539 651 1622 oratio,
673 1542 744 1603 tum
766 1539 908 1604 Tubero:
936 1538 1099 1614 Quoniam
1120 1542 1206 1606 nihil
1252 1625 1253 1628 Ἴ

192 1651 230 1694 ex
258 1632 304 1712 tc,
334 1627 501 1711 Africane,
532 1627 568 1690 hi
595 1629 736 1692 maiores
763 1632 843 1692 natu
870 1629 1054 1712 requinmt,
1086 1651 1126 1694 ex
1154 1652 1206 1695 me

192 1717 316 1800 audies,
339 1716 417 1800 quid
439 1716 475 1779 in
498 1716 644 1781 oratione
667 1719 725 1779 tua
748 1715 933 1789 desiderem.
981 1715 1075 1801 Sane,
1098 1718 1207 1802 inquit
1219 1733 1241 1772 1⁵

193 1802 309 1889 Scipio,
330 1808 363 1868 et
381 1804 521 1868 libenter
541 1803 678 1887 quidem.
710 1803 794 1867 Tum
812 1805 882 1868 ille:
904 1803 1106 1870 Laudavisse
1125 1805 1207 1870 mihi

193 1892 311 1957 videris
340 1895 488 1956 nostram
518 1913 587 1956 rem
616 1891 795 1977 publicam,
825 1914 897 1957 cum
925 1915 963 1956 ex
990 1897 1025 1957 te
1048 1915 1117 1958 non
1140 1891 1204 1980 del

191 2008 219 2059 p.
234 1983 299 2061 194]
323 1984 446 2064 nostra,
470 1980 526 2044 sed
549 1979 588 2043 de
611 1980 701 2044 omni
722 1980 907 2064 republica
926 1983 1110 2064 quaesisset
1128 1982 1206 2048 Lae-

191 2069 264 2133 lius.
300 2056 369 2132 Nec
391 2071 503 2132 tamen
526 2067 622 2132 didici
645 2090 683 2131 ex
706 2069 853 2133 oratione
875 2072 947 2150 tua,
974 2070 1076 2134 istam
1098 2072 1205 2155 ipsam

191 2178 260 2220 rem
287 2156 467 2240 publicam,
498 2178 595 2238 quam
622 2155 751 2239 laudas,
779 2178 843 2240 qua
871 2157 1057 2242 disciplina,
1086 2160 1204 2243 quibus
1218 2177 1240 2214 2⁰

191 2245 336 2310 moribus
367 2248 424 2308 aut
451 2245 579 2328 legibus
608 2245 805 2309 constituere
831 2246 884 2309 vel
911 2266 1105 2312 conservare
1133 2270 1205 2334 pos-

193 2355 302 2397 srmus.

139 2403 182 2466 39
258 2420 322 2485 Hic
344 2419 531 2485 Africanus:
553 2419 639 2486 Puto
662 2420 757 2486 nobis
780 2443 856 2485 mox
879 2421 917 2486 de
939 2421 1151 2488 instituendis
1174 2428 1207 2490 ct

139 2479 173 2528 ⁶⁵
193 2509 421 2575 conservandis
445 2509 632 2574 civitatibus
657 2509 829 2593 aptiorem,
852 2507 990 2594 Tubero,
1012 2511 1085 2577 fore
1108 2513 1205 2578 disse

192 2597 287 2663 rundi
317 2598 438 2680 locum3
468 2597 507 2662 de
535 2597 660 2681 optimo
689 2600 798 2662 autem
826 2600 915 2662 statu
943 2599 1093 2682 equidem
1122 2601 1238 2665 arbi-a

191 2714 218 2764 p.
240 2687 305 2765 143]
330 2685 444 2768 trabar
467 2707 518 2748 me
541 2686 623 2749 satis
645 2682 860 2769 responldisse
880 2686 980 2768 adid,
1005 2689 1093 2772 quod
1111 2711 1206 2772 quac

192 2773 292 2838 sierat
305 2771 446 2837 Laelius.
473 2772 619 2837 Primum
634 2773 720 2837 enim
733 2795 867 2838 numero
882 2775 1071 2840 definieram
1086 2797 1206 2863 genera

192 2861 362 2926 civitatum
384 2861 450 2924 tria
467 2860 661 2944 probabilia,
683 2861 865 2946 perniciosa
884 2866 993 2928 autem
1011 2864 1121 2929 tribus
1139 2866 1205 2931 illis

191 2950 329 3014 totidem
353 2949 529 3031 contraria,
559 2949 748 3032 nullumque
771 2971 810 3013 ex
834 2949 880 3014 eis
902 2973 1003 3015 unum
1028 2973 1101 3016 esse
1124 2955 1206 3039 opti·

192 3060 290 3121 mum,
314 3036 371 3101 sed
393 3036 427 3099 id
448 3040 616 3121 praestare
636 3036 788 3122 singulis,
811 3038 897 3120 quod
920 3060 937 3102 e
961 3039 1068 3104 tribus
1091 3042 1239 3125 primisa

139 3139 174 3188 66
192 3154 220 3207 p.
241 3127 307 3206 144]
331 3127 419 3188 esset
446 3124 571 3190 modice
598 3128 825 3209 temperatum.
870 3124 963 3200 Quod
987 3130 994 3210 l
1017 3131 1129 3192 autem
1157 3152 1206 3194 ex-

193 3213 301 3297 emplo
323 3216 458 3277 nostrae
476 3213 619 3278 civitatis
643 3235 720 3277 usus
740 3235 821 3296 sum,
843 3235 910 3279 non
929 3215 969 3280 ad
988 3215 1206 3282 definiendum

192 3302 354 3385 optimum
382 3305 506 3364 statum
532 3302 638 3365 valuit
666 3298 756 3386 (nam
781 3301 814 3364 id
836 3301 908 3366 fieri
929 3303 1038 3388 potuit
1063 3305 1134 3370 sinc
1158 3329 1205 3370 ex·

192 3386 329 3474 emplo),
366 3388 422 3452 sed
459 3391 498 3453 ut
533 3389 667 3454 civitate
698 3389 841 3454 maxima
873 3411 988 3475 reapse
1022 3398 1205 3458 cerneretur

192 3477 288 3558 quale
312 3479 398 3539 esset
419 3475 463 3559 id,
489 3477 575 3559 quod
598 3477 683 3542 ratio
707 3476 876 3561 oratioque
900 3478 1107 3545 describeret.
1150 3480 1239 3547 Sina
