2610 3894
191 103 233 167 ’12
502 100 552 155 DE
571 99 725 155 NATURA
742 97 900 153 DEORUM

190 245 393 315 castissimus
412 248 511 330 atque
530 241 756 309 sanctissimus
773 241 1048 327 plenissimusque
1062 243 1217 329 pietatis,
1270 260 1273 321 l

189 341 227 403 ut
250 355 305 402 cos
329 354 457 419 semper
479 354 576 419 pura,
602 331 746 417 integra,
770 330 960 414 incorrupta
982 334 1016 396 et
1039 336 1153 398 mente
1181 337 1218 397 et
1271 326 1274 433 'p

189 446 269 492 uoce
291 443 490 488 veneremur.
534 416 613 485 Non
634 419 721 484 enim
742 418 932 504 philosophi
953 419 1070 504 solum,
1092 443 1218 486 verum
1277 481 1278 488 ,

191 513 292 580 etiam
306 511 454 580 maiores
476 507 584 574 nostri
606 506 873 592 superstitionem
896 529 916 572 a
937 507 1098 594 religione
1116 531 1218 594 sepa·
1278 508 1279 513 ’

139 615 172 665 rr
190 603 355 669 raserunt.
399 597 488 665 Nam
511 596 568 683 qui
590 598 680 662 totos
703 595 772 660 dies
794 596 1013 680 precabamur
1036 599 1070 662 et
1092 597 1218 663 immo
1242 617 1251 656 ι

190 690 320 773 labant,
351 691 389 754 ut
416 686 481 752 sibi
507 685 559 750 sui
585 683 682 749 liberi
705 684 898 769 superstites
922 688 1044 768 essent,
1074 707 1218 771 super-

192 776 346 845 stitiosi
377 778 454 841 sunt
485 773 659 860 appellati,
690 771 777 858 quod
805 793 924 838 nomen
952 773 1062 859 patuit
1090 778 1218 860 postea

191 866 306 948 latius3
342 863 399 949 qui
430 865 541 928 autem
572 860 695 944 omnia,
727 882 809 946 quae
841 860 884 925 ad
914 861 1039 926 cultum
1072 861 1218 928 deorum
1276 922 1277 931 ,

192 954 407 1041 pertinerent,
434 950 610 1036 diligenter
636 952 853 1014 retractarent
878 952 913 1014 et
935 953 1106 1034 tamquam
1128 952 1219 1016 rele

194 1044 318 1129 gerent,
335 1043 413 1104 sunt
431 1038 510 1104 dicti
527 1037 710 1125 religiosi
729 1059 768 1102 ex
785 1037 969 1124 relegendo,
987 1043 1024 1103 ut
1039 1039 1216 1126 elegantes
1231 1060 1252 1097 ιι

195 1153 234 1196 ex
261 1127 426 1216 eligendo,
453 1148 492 1192 ex
522 1125 687 1212 diligendo
711 1125 897 1212 diligentes,
926 1149 965 1192 ex
986 1127 1217 1214 intellegendo

193 1218 432 1304 intellegentes.
476 1213 539 1280 His
567 1214 653 1279 enim
679 1213 715 1279 in
741 1213 849 1279 verbis
874 1214 1025 1280 omnibus
1047 1216 1137 1280 inest
1162 1217 1217 1282 vis
1276 1212 1277 1233 ¹

194 1305 325 1393 legendi
352 1304 477 1386 eadem,
506 1324 589 1388 quae
610 1302 646 1367 in
667 1302 832 1389 religioso.
877 1301 931 1368 Ita
953 1303 1077 1370 facturn
1101 1309 1155 1369 est
1181 1305 1219 1368 in

195 1393 424 1549 puppirstitrpso
432 1391 653 1545 11gthrieligiioso
672 1391 814 1542 algeruntr
831 1390 905 1455 vitii
921 1393 1217 1546 gomen‚,alterpm
1276 1408 1277 1419 ¹

210 1506 252 1550 au
286 1504 310 1548 s.
388 1503 405 1546 c
535 1503 570 1545 vr
592 1501 648 1544 eor
671 1500 792 1544 sarse
831 1499 902 1544 esse
947 1501 1002 1545 eos
1039 1502 1057 1546 e
1119 1499 1253 1546 uaesn

196 1575 314 1654 essent,
338 1568 527 1635 ostendisse.
965 1615 968 1622 .
1006 1530 1016 1565 '
1096 1503 1119 1566 q

143 1623 185 1749 ἓξ
284 1657 474 1724 Proximum
506 1659 569 1739 est,
605 1659 644 1721 ut
675 1655 808 1722 doceam
840 1655 974 1722 deorum
1005 1657 1218 1743 providentia

196 1747 353 1814 mundum
384 1743 615 1810 administrari.
659 1743 799 1830 Magnus
830 1765 908 1810 sane
938 1745 1029 1811 locus
1057 1750 1108 1810 est
1136 1750 1173 1811 et
1199 1769 1219 1810 a

196 1835 329 1920 vestris,
357 1831 469 1919 Ootta,
496 1835 645 1916 vexatus,
673 1854 712 1897 ac
737 1832 892 1898 nimirum
919 1834 1088 1900 vobiscum
1117 1856 1218 1900 omne

197 1927 362 1990 certamen
384 1926 443 1987 est.
488 1920 577 1986 Nam
599 1919 707 2005 vobis,
733 1919 854 2006 Vellei,
882 1922 989 1987 minus
1011 1926 1131 1988 notum
1154 1927 1217 2007 cst,
1231 1941 1252 1979 ιο

151 2087 153 2093 k
197 2033 295 2098 quem
318 2009 515 2077 admodum
538 2008 679 2094 quidque
702 2008 842 2093 dicatur,
864 2014 976 2075 vestra
998 2011 1086 2076 enim
1105 2012 1218 2077 solum

197 2099 323 2187 legitis,
356 2102 466 2164 vestra
498 2097 631 2181 amatis,
662 2100 788 2163 ceteros
818 2119 916 2163 causa
943 2099 1118 2184 incognita¹
1143 2122 1219 2166 con·

199 2187 369 2254 damnatis.
413 2185 515 2251 Velut
545 2207 565 2251 a
593 2188 627 2250 te
655 2185 728 2270 ipso
757 2186 911 2252 hesterno
942 2187 993 2252 die
1017 2187 1143 2254 dictum
1168 2192 1218 2254 est

199 2299 298 2343 anum
320 2274 488 2340 fatidicam
511 2269 676 2360 πρόνοιαν
700 2296 720 2339 a
738 2271 856 2339 Stoicis
879 2275 996 2360 induci,
1019 2275 1123 2341 idest
1143 2299 1218 2362 pro-

198 2364 386 2438 videntiam.
432 2362 526 2439 Quod
556 2383 595 2428 eo
627 2383 736 2428 errore
769 2361 893 2449 dixisti,
926 2365 1003 2449 quia
1035 2363 1217 2430 existumas
1230 2378 1250 2418 2⁵

199 2455 240 2520 ab
264 2453 305 2518 iis
328 2451 569 2538 providentiam
591 2450 673 2535 fingi
696 2450 790 2534 quasi
810 2451 974 2535 quandam
993 2452 1087 2517 deam
1106 2453 1219 2539 singu·

198 2544 317 2626 larem,
345 2563 428 2626 quae
451 2540 607 2606 mundum
630 2560 759 2604 omnem
783 2539 942 2624 gubernet
966 2544 999 2605 et
1021 2544 1132 2627 regat;
1162 2540 1219 2606 sed

149 2645 183 2692 74
200 2631 235 2696 id
261 2629 407 2717 praecise
436 2628 562 2694 dicitur.
607 2625 668 2712 Ut,
696 2627 724 2691 si
754 2628 826 2712 quis
855 2627 942 2694 dicat
964 2628 1219 2695 Atheniensium

199 2741 270 2784 rem
292 2717 459 2804 publicam
477 2715 613 2782 consilio
632 2715 712 2800 regi,
735 2714 819 2780 desit
838 2716 922 2782 illud
937 2715 1138 2803 ‘Areopagi',
1164 2719 1218 2801 sic,

199 2830 274 2873 cum
294 2806 430 2872 dicimus
449 2803 656 2890 providentia
673 2803 830 2869 mundum
849 2804 1081 2890 administrari,
1105 2805 1218 2872 deesse
1230 2821 1250 2860 ³⁰

200 2895 361 2960 arbitrato
390 2891 568 2976 ‘deorum'3
594 2891 690 2976 plene
718 2895 828 2956 autem
856 2897 890 2957 et
916 2893 1060 2979 perfecte
1084 2894 1132 2960 sic
1156 2895 1218 2960 dici

201 2982 402 3048 existimato:
425 2980 630 3066 providentia
654 2979 787 3045 deorum
810 2981 964 3046 mundum
986 2982 1218 3048 administrari.

200 3069 254 3135 Ita
277 3070 379 3134 salem
401 3069 512 3153 istum,
536 3090 599 3153 quo
623 3072 713 3133 caret
732 3072 844 3133 vestra
861 3070 963 3154 natio,
987 3068 1022 3132 in
1039 3070 1218 3136 inridendis

199 3158 296 3223 uobis
318 3156 458 3223 nolitote
482 3178 679 3240 consumere,
703 3159 735 3220 et
754 3157 924 3243 mehercle,
948 3159 1047 3223 sime
1067 3159 1218 3242 audiatis,

200 3267 241 3311 ne
272 3244 485 3330 experiamini
515 3245 659 3329 quidem3
690 3265 758 3309 non
788 3245 891 3330 decet,
922 3268 990 3312 non
1016 3246 1132 3312 datum
1161 3253 1250 3332 est,³⁵

200 3355 267 3399 non
296 3333 444 3418 potestis
494 3331 563 3398 Nec
594 3353 672 3397 vero
702 3333 765 3397 hoc
796 3333 832 3398 in
861 3337 895 3398 te
923 3336 1089 3413 convenit,
1118 3358 1218 3402 unum
1278 3358 1279 3367 ¹

201 3421 347 3487 moribus
371 3420 558 3484 domesticis
577 3441 615 3484 ac
633 3424 821 3485 nostrorum
840 3422 1010 3489 hominum
1031 3424 1218 3490 urbanitate
