2630 3890
110 68 121 82 ‘
168 119 235 183 238
522 118 571 172 DE
590 117 833 172 DIVINATIONE

166 284 259 327 mens
282 267 438 328 eventura
461 284 531 327 esse
555 262 689 327 dicebat.
726 259 846 326 Utrum
865 261 1005 344 tandem,
1023 282 1082 346 per
1100 259 1178 327 deos

168 355 266 435 atque
289 351 451 416 homines!
479 351 584 435 magis
608 350 678 414 veri
700 349 807 414 simile
831 353 881 414 est
903 371 1059 414 vesanum
1083 349 1179 413 remi-

168 460 242 524 gem
270 461 312 504 an
339 440 482 524 aliquem
507 443 672 520 nostrum,
699 438 756 521 qui
781 437 829 501 ibi
851 441 922 501 tum
946 459 1087 520 aramue,
1117 459 1179 522 mc,

167 525 339 611 Catonem,
366 526 562 610 Varronem,
589 524 771 610 Coponium
798 526 919 610 ipsum,
947 525 1084 591 consilia
1106 525 1179 591 deo

167 636 240 680 rum
263 614 488 680 inmortalium
510 614 691 699 perspicere
714 614 882 698 potuisse?
1207 634 1223 676 s
1291 659 1292 684 1

114 684 158 749 56
235 700 299 767 Sed
321 703 388 768 iam
411 703 452 766 ad
473 706 507 766 te
530 703 633 786 venio,

133 764 147 810 1
213 775 240 856 0
264 794 398 855 sancte
417 790 575 875 Apollo,
598 791 663 875 qui
685 789 913 855 umbilicum
937 792 1083 855 certum
1103 794 1181 855 ter·

766 900 896 943 rarum
919 878 1089 962 obsides,

211 950 318 1032 [Inde
342 966 623 1052 superstitiosa
640 966 810 1052 primum
829 969 944 1032 sae'va
962 967 1088 1031 evasit
1106 967 1179 1032 vox

996 1055 1088 1120 fera.

167 1142 245 1208 luis
265 1143 350 1207 enim
371 1142 510 1208 oraculis
525 1141 727 1228 Chrysippus
745 1146 852 1208 totum
871 1143 1024 1208 volumen
1041 1143 1179 1228 inplevit

166 1231 289 1317 partim
310 1231 413 1315 falsis,
435 1235 473 1296 ut
496 1253 557 1318 ego
581 1232 705 1316 opinor,
728 1232 850 1316 partim
872 1253 948 1296 casu
967 1230 1062 1316 veris,
1084 1235 1122 1295 ut
1139 1231 1178 1295 fit
1196 1254 1224 1294 ιο

166 1320 202 1384 in
224 1319 313 1384 omni
336 1320 482 1385 oratione
506 1320 705 1404 saepissime,
728 1320 850 1403 partim
868 1319 1051 1403 flexiloquis
1071 1323 1105 1383 et
1123 1320 1179 1384 ob-

167 1409 284 1492 scuris,
310 1411 348 1472 ut
374 1408 536 1494 interpres
564 1411 659 1493 egeat
685 1407 863 1492 interprete
891 1411 924 1472 et
948 1429 1019 1472 sors
1042 1407 1115 1492 ipsa
1137 1408 1179 1472 ad

169 1499 273 1561 sortes
296 1495 464 1562 referenda
486 1497 539 1580 sit,
561 1496 684 1581 partim
704 1495 877 1581 ambiguis,
899 1499 933 1561 et
953 1517 1034 1580 quae
1054 1495 1095 1560 ad
1113 1496 1179 1560 dia-

105 1597 109 1610 ·
167 1584 317 1649 lecticum
336 1584 526 1649 deferendae
546 1585 620 1648 sint.
656 1582 744 1648 Nam
762 1606 835 1649 cum
853 1584 913 1648 illa
931 1605 1002 1649 sors
1022 1584 1109 1648 edita
1128 1589 1179 1648 est

168 1672 425 1757 opulentissumo
448 1673 519 1758 regi
541 1673 654 1736 Asiae:
1193 1693 1222 1733 15

212 1759 376 1826 Croesus
396 1760 524 1845 Halyn
546 1764 756 1846 penetrans
780 1782 956 1846 magnam
978 1764 1179 1844 pervertet

864 1871 976 1933 opum
999 1849 1089 1932 vim,

165 1936 311 2001 hostium
333 1937 401 2001 vim
424 1958 458 2002 se
481 1958 708 2022 perversurum
730 1936 868 2020 putavit,
890 1936 1049 2022 pervertit
1068 1938 1179 2001 antem

115 2039 165 2088 116
176 2007 277 2115 suh
308 2023 428 2091 Utrum
451 2025 552 2111 igitur
571 2047 682 2090 eorum
701 2024 878 2108 accidisset,
901 2046 1014 2088 verum
1033 2024 1179 2089 oraclum

165 2113 290 2178 fuisset.
340 2112 405 2179 Cur
446 2118 554 2178 autem
595 2113 657 2178 hoc
697 2113 826 2178 credam
862 2134 1018 2196 umquam
1054 2112 1178 2177 editum

167 2201 309 2266 Croeso?
333 2205 390 2266 aut
408 2200 609 2266 Herodotum
629 2223 685 2267 our
703 2201 900 2266 veraciorem
920 2201 1034 2266 ducam
1048 2200 1178 2266 Ennio?
1193 2221 1221 2260 ao

165 2289 253 2354 Num
287 2290 393 2354 minus
425 2290 481 2354 ille
509 2289 616 2374 potuit
644 2289 682 2353 de
711 2287 831 2354 Croeso
859 2311 958 2373 quam
986 2289 1024 2352 de
1050 2288 1178 2372 Pyrrho

165 2380 288 2464 fingere
311 2378 458 2442 Ennius?
496 2375 575 2453 Quis
599 2377 685 2441 enim
708 2382 771 2461 est,
800 2377 856 2461 qui
878 2377 989 2443 credat
1012 2376 1178 2463 Apollinis

166 2488 206 2531 ex
228 2468 360 2532 oraculo
382 2466 508 2550 Pyrrho
533 2487 602 2530 esse
626 2487 830 2550 responsum:

232 2553 304 2620 Aio
326 2558 378 2638 te,
401 2554 583 2637 Aeacida,
607 2553 799 2618 Romanos
822 2552 976 2618 vincere
999 2553 1136 2638 posse?

165 2642 311 2707 Primum
334 2642 450 2707 Latine
473 2642 595 2727 Apollo
618 2663 796 2726 numquam
818 2641 946 2706 locutus
971 2645 1036 2724 est3
1063 2641 1177 2706 deinde
1193 2659 1219 2700 25

165 2731 231 2796 ista
253 2753 324 2796 sors
347 2731 495 2795 inaudita
519 2729 651 2795 Graecis
675 2733 738 2813 est3
764 2734 935 2815 praeterea
957 2728 1075 2814 Pyrrhi
1098 2733 1178 2794 tem-

165 2820 299 2904 poribus
321 2818 389 2882 iam
411 2819 532 2903 Apollo
556 2839 669 2883 versus
691 2819 797 2882 facere
821 2818 974 2901 desierat3
1001 2821 1178 2902 postremo,

165 2928 362 2992 quamquam
386 2927 514 2991 semper
535 2906 607 2990 fuit,
630 2910 668 2970 ut
691 2907 776 2990 apud
798 2906 940 2970 Ennium
964 2910 1022 2989 est,

550 2994 739 3058 stolidum
763 3015 882 3079 genus
905 2993 1178 3078 Aeacidarum,

208 3081 500 3167 Bellipotentes
528 3087 618 3147 sunt
645 3081 768 3166 magis
797 3104 909 3167 quam
936 3082 1219 3167 sapientipo-eo
1291 3147 1292 3156 χ

945 3173 1074 3234 tentes
1291 3171 1292 3178 '

164 3261 274 3322 tamen
296 3258 380 3323 hanc
404 3258 639 3343 amphiboliam
662 3279 774 3322 versus
797 3258 988 3344 intellegere
1006 3221 1177 3344 potuisset,

165 3345 333 3410 ‘vincere
356 3349 395 3410 te
418 3345 626 3410 Romanos'
650 3345 752 3409 nihilo
777 3346 882 3431 magis
906 3347 940 3410 in
964 3369 998 3410 se
1022 3368 1119 3430 quam
1143 3347 1178 3410 in

165 3432 329 3499 Romanos
353 3434 476 3516 valere3
499 3455 576 3496 nam
598 3433 656 3496 illa
679 3433 889 3518 amphibolia,
914 3456 996 3518 quae
1019 3433 1176 3499 Croesum
