2610 3894
189 142 253 208 120
492 115 887 195 nerhrumnnoeun

179 286 270 353 'tinet
289 283 330 352 ad
349 286 448 351 deos?
469 285 639 350 hominum
658 283 744 349 enim
762 284 902 350 societas
921 288 955 350 et
972 285 1200 371 communitas,

186 390 223 440 ut
246 396 305 441 vos
328 373 445 458 dicitis,
468 373 630 438 iustitiam
652 373 844 458 procreavit.
890 371 1122 459 Temperantia
1144 398 1200 440 au·

185 468 253 530 tem
273 467 405 529 constat
424 484 463 527 ex
481 461 779 546 praetermittendis
797 462 1023 546 voluptatibus
1042 464 1199 547 eorporis,

186 553 237 618 cui
256 551 285 616 si
303 552 394 616 locus
412 550 448 615 in
466 550 556 615 caelo
575 552 635 632 est,
658 553 708 614 est
727 549 827 614 etiam
840 550 1073 634 voluptatibus.
1110 550 1200 616 Nam
1300 617 1301 636 ,

186 640 282 706 fortis
307 639 384 705 deus
407 637 558 723 intellegi
581 637 636 721 qui
658 639 791 722 potest?
814 637 850 702 in
873 637 1006 703 dolore?
1030 661 1072 704 an
1095 639 1130 704 in
1152 640 1200 704 la·
1228 661 1242 702 s

186 728 287 794 borel
321 749 363 792 an
393 726 429 790 in
455 725 623 810 periculo?
656 746 794 808 quorum
821 725 916 790 deum
942 727 1024 791 nihil
1053 728 1199 813 attingit.
1300 717 1301 782 l

132 828 167 878 39
186 815 256 882 Neo
278 815 405 880 ratione
427 814 530 900 igitur
547 816 693 878 utentem
711 835 770 878 nec
788 813 909 879 virtute
927 815 997 880 ulla
1014 815 1200 900 praeditum

187 906 282 970 deum
308 902 500 988 intellegere
528 901 584 987 qui
606 902 800 987 possumus?
844 900 914 968 Nec
936 924 1013 968 vero
1036 905 1128 990 volgi
1151 908 1200 968 at·

187 1015 249 1079 que
271 991 497 1077 imperitorum
520 989 685 1055 inscitiam
709 989 871 1075 despicere
894 1012 1036 1076 possum,
1063 1013 1137 1057 cum
1161 1014 1200 1057 ea

186 1080 364 1164 considero,
387 1101 469 1166 quae
493 1079 643 1144 dicuntur
666 1101 686 1142 a
700 1075 832 1162 Stoicis,
855 1081 932 1143 sunt
955 1079 1041 1144 enim
1059 1080 1120 1145 illa
1136 1080 1199 1145 im·
1216 1104 1246 1144 ro

186 1169 378 1254 peritorum:
406 1167 528 1253 piscem
551 1163 625 1251 Syri
647 1169 856 1251 venerantur,
885 1175 980 1232 omne
1002 1167 1071 1233 fere
1095 1190 1200 1254 genus

188 1257 367 1323 bestiarum
381 1254 541 1342 Aegyptii
563 1257 845 1337 consecraverunt3
868 1254 935 1321 iam
953 1277 1031 1321 vero
1050 1256 1084 1321 in
1099 1255 1200 1322 Grae·

187 1346 238 1412 oia
268 1346 391 1410 multos
422 1343 546 1408 habent
578 1364 617 1407 ex
648 1342 834 1407 hominibus
867 1343 958 1429 deos,
990 1343 1201 1410 Alabandum

187 1433 377 1517 Alabandis,
396 1431 529 1497 Tenedii
542 1430 683 1514 Tennen,
700 1429 929 1515 Leucotheam,
947 1453 1029 1516 quae
1047 1430 1111 1497 fuit
1129 1432 1201 1518 Ino,

188 1526 221 1588 et
244 1523 312 1588 eins
330 1521 560 1586 Palaemonem
582 1519 688 1583 filium
711 1522 827 1583 cuncta
845 1518 990 1603 Graecia,
1012 1518 1199 1606 Herculem,
1215 1543 1244 1584 rc

187 1609 432 1693 Aesculapium,
464 1607 679 1692 Tyndaridas,
711 1607 887 1672 Romulum
916 1607 1022 1672 nostri
1052 1609 1200 1693 aliosque

188 1697 377 1784 compluris,
406 1717 486 1780 qnos
511 1696 604 1782 quasi
625 1716 728 1760 novos
752 1699 784 1759 et
808 1696 1031 1781 adscripticios
1055 1697 1141 1762 cives
1164 1699 1201 1762 in

133 1755 313 1880 {Jcaelum
344 1789 492 1870 receptos
523 1787 650 1868 putant.
695 1781 785 1848 Haec
816 1783 919 1869 igitur
951 1785 1088 1868 indocti3
1121 1786 1200 1869 quid
1300 1839 1301 1864 ,

187 1896 246 1940 vos
268 1872 478 1959 philosophi?
502 1872 558 1955 qui
581 1871 738 1936 meliora?
775 1870 901 1937 Omitto
919 1871 992 1956 illa3
1016 1877 1093 1937 sunt
1112 1875 1201 1938 enim
1300 1873 1301 1954 l

187 1963 367 2048 praeclara:
404 1960 449 2025 sit
479 1981 556 2024 sane
588 1959 666 2024 deus
697 1959 768 2044 ipse
800 1959 947 2024 mundus.
999 1959 1071 2026 Hoc
1103 1963 1244 2028 credero
1300 1967 1301 2006 ἐ

186 2050 269 2116 illud
292 2071 362 2114 esse

255 2169 419 2238 sublime
447 2171 628 2255 candens,
656 2192 764 2255 quem
792 2167 977 2322 inIvocant
1005 2175 1136 2238 omne's

847 2280 963 2324 ovem.

188 2402 295 2479 Quare
321 2401 424 2487 igitur
451 2398 556 2484 pluris
583 2400 790 2485 adiungimus
813 2398 912 2465 deos?
943 2404 1066 2484 quanta
1088 2405 1201 2466 autem
1300 2477 1301 2480 Ἴ

189 2495 239 2557 est
262 2512 374 2556 eorum
396 2487 584 2552 multitudo!
622 2487 704 2553 Mihi
727 2487 857 2572 quidem
880 2509 957 2553 sane
975 2489 1073 2553 multi
1090 2489 1201 2555 viden-

188 2585 251 2646 tur.
292 2575 446 2664 Singulas
474 2576 560 2640 enim
587 2577 700 2641 stellas
723 2598 874 2641 numeras
899 2577 975 2642 deos
999 2598 1118 2661 eosque
1142 2582 1201 2643 aut
1215 2598 1243 2641 rs

187 2670 359 2734 beluarum
390 2664 521 2729 nomine
553 2665 715 2749 appellas,
746 2668 783 2728 ut
811 2663 965 2749 Capram,
997 2668 1034 2730 ut
1061 2664 1201 2751 Nepam,

188 2761 226 2821 ut
252 2756 409 2838 Taurum,
435 2756 473 2817 ut
495 2750 650 2836 Leonem,
681 2755 738 2816 aut
764 2762 873 2817 rerum
899 2752 1131 2837 inanimarum,
1162 2759 1201 2819 ut

137 2859 170 2908 41
190 2844 292 2930 Arge,
315 2847 352 2908 ut
374 2839 486 2923 Aram,
509 2843 546 2904 ut
568 2838 739 2905 Coronam.
776 2838 838 2904 Sed
861 2844 899 2905 ut
921 2841 1002 2907 haec
1024 2842 1200 2907 concedan-

188 2936 256 3016 tur,
283 2931 410 3014 reliqua
438 2928 494 3012 qui
516 2928 649 2992 tandem
670 2950 737 2992 non
758 2928 854 2992 modo
879 2930 1022 3012 concedi,
1052 2930 1109 2994 sed
1133 2953 1200 2996 om-

188 3020 265 3084 nino
288 3017 438 3103 intellegi
460 3017 619 3102 possunt?
665 3013 748 3082 Cum
769 3015 881 3102 fruges
905 3016 1063 3102 Cererem,
1085 3017 1201 3084 vinum
1214 3036 1242 3078 eo

189 3107 342 3171 Liberum
368 3105 513 3188 dicimus,
536 3125 653 3191 genere
671 3125 731 3169 nos
751 3104 880 3189 quidem
898 3105 1057 3170 sermonis
1076 3107 1201 3172 utimur

189 3195 326 3278 usitato,
359 3193 415 3258 sed
447 3215 580 3276 ecquem
611 3195 681 3256 tam
713 3196 874 3258 amentem
902 3215 972 3258 esse
999 3196 1110 3279 putas,
1143 3195 1201 3280 qui
1300 3209 1301 3224 ¹

189 3281 280 3364 illud,
304 3303 367 3364 qno
390 3285 548 3364 vescatur,
572 3280 667 3344 deum
689 3280 800 3345 credat
823 3283 915 3347 esse?
950 3281 1037 3347 Nem
1056 3304 1138 3366 quos
1157 3285 1214 3348 ab¹

189 3368 377 3435 hominibus
405 3369 590 3454 pervenisse
618 3365 697 3433 dicis
721 3368 762 3433 ad
785 3369 875 3453 deos,
904 3373 941 3434 tu
964 3369 1078 3434 reddes
1101 3372 1201 3437 ratio-

190 3479 278 3542 nem,
308 3477 403 3540 quem
430 3457 472 3520 ad
499 3456 630 3521 modum
652 3455 687 3520 id
709 3456 779 3521 fieri
801 3458 947 3542 potuerit
969 3461 1026 3522 aut
1049 3479 1106 3522 cur
1128 3459 1201 3524 fieri
1214 3476 1242 3517 as
