2596 3882
197 170 264 236 310
471 133 495 169 ν
558 170 607 224 nn
625 171 674 224 aa
692 171 849 228 rusurcn

196 315 287 400 muli,
309 318 381 380 tum
404 319 505 380 stram
525 315 725 400 reliquorum
743 335 858 401 regum
877 315 1039 400 sapientia
1057 315 1214 381 definitus

197 425 237 468 ex
260 404 349 468 omni
365 407 460 489 parte
480 403 588 468 arduis
607 404 855 488 praeruptisque
874 405 1049 487 montibus,
1071 409 1108 469 at
1125 425 1211 470 unus

197 491 314 575 aditus,
332 492 389 576 qui
407 495 494 557 esset
511 491 597 555 inter
614 491 822 575 Esquilinum
836 489 1100 576 Quirinalemque
1118 514 1212 557 mon·

196 583 278 664 tem,
305 580 447 644 maximo
476 601 596 666 aggere
624 580 751 670 obiecto
774 578 864 646 fossa
886 580 1070 664 cingeretur
1090 581 1212 645 vastis-

196 667 296 752 sima,
323 673 421 752 atque
448 671 487 732 ut
513 669 562 732 ita
588 669 715 732 munita
737 689 796 732 arx
819 668 1027 733 circumiectu
1050 669 1152 734 arduo
1177 673 1213 733 et
1239 685 1252 722 ⁵

196 754 663 928 adlldbllttltt
679 760 1212 910 tittmtltallltld

197 937 295 1016 atque
317 933 442 998 intacta
464 932 688 1016 permanserit.
728 931 914 1016 Locumque
936 933 1060 1018 delegit
1083 936 1117 997 et
1137 933 1211 998 fon·

197 1021 285 1085 tibus
315 1021 535 1086 abundantem
561 1023 596 1085 et
622 1020 658 1084 in
683 1020 817 1106 regione
839 1020 1007 1104 pestilenti
1030 1021 1211 1105 salubrem3

197 1108 297 1174 colles
320 1109 407 1174 enim
430 1110 519 1192 sunt,
547 1108 698 1192 quicum
720 1109 901 1194 perflantur
921 1108 1000 1193 ipsi,
1027 1112 1098 1172 tum
1121 1109 1210 1174 adfe-
1223 1129 1250 1167 ro

197 1199 274 1262 runt
296 1197 447 1262 umbram
469 1197 620 1262 vallibus.

159 1279 178 1343 'l
265 1284 374 1370 Atque
400 1285 481 1350 haec
508 1285 637 1368 quidem
663 1285 871 1370 perceleriter
893 1284 1046 1370 confecit3
1074 1290 1211 1350 namet

151 1356 179 1410 ¹²
197 1373 312 1438 urbem
338 1373 522 1456 constituit,
552 1394 649 1456 quam
673 1396 691 1437 e
715 1395 774 1438 suo
796 1373 927 1438 nomine
949 1372 1088 1438 Romam
1111 1373 1210 1438 iussit

197 1490 225 1542 p.
244 1464 310 1542 262]
337 1461 513 1545 nominari,
542 1465 575 1525 et
603 1461 644 1526 ad
666 1458 867 1548 firmanldam
893 1483 1013 1526 novam
1039 1461 1209 1526 civitatem

197 1571 318 1615 nouum
340 1550 503 1634 quoddam
527 1553 560 1614 et
583 1550 774 1635 subagreste
798 1549 978 1633 consilium,
1001 1550 1057 1614 sed
1080 1550 1122 1614 ad
1139 1573 1208 1614 mu·
1222 1568 1247 1607 1⁵

197 1637 332 1702 niendas
362 1658 440 1722 opes
469 1636 563 1724 regni
590 1659 629 1703 ac
655 1638 770 1722 populi
797 1637 848 1702 sui
875 1637 988 1724 magni
1009 1637 1151 1702 hominis
1172 1642 1210 1703 et

197 1726 264 1792 iam
291 1729 362 1790 tum
388 1727 487 1810 longe
514 1725 715 1810 providentis
738 1729 867 1791 secutus
891 1731 950 1810 est,
972 1747 1046 1792 cum
1068 1723 1209 1791 Sabinas

198 1814 335 1879 honesto
368 1818 457 1878 ortas
489 1813 562 1879 loco
588 1813 747 1899 virgines,
779 1835 861 1898 quae
889 1813 1029 1879 Romam
1058 1814 1209 1879 ludorum

198 1903 307 1988 gratia
333 1903 511 1984 venissent,
538 1923 620 1985 quos
648 1905 719 1966 tum
746 1903 888 1986 primum
911 1902 1151 1968 anniversarios
1173 1903 1210 1967 in

198 1991 283 2055 circo
309 1989 415 2056 facere
442 1989 653 2072 instituisset,
682 1988 898 2062 Consualibus
926 1991 999 2074 rapi
1021 1990 1118 2054 iussit
1139 2012 1209 2056 eas·
1222 2010 1246 2049 a

197 2085 379 2162 p.2‘11]que
397 2079 433 2142 in
450 2077 650 2142 familiarum
668 2078 944 2162 amplissimarum
964 2078 968 2160 Ι
989 2079 1209 2144 matrimoniis

147 2186 179 2236 13
199 2166 379 2231 collocavit.
412 2164 482 2240 Qua
505 2187 544 2229 ex
567 2187 665 2230 causa
687 2187 760 2230 cum
779 2166 902 2230 bellum
920 2166 1076 2230 Romanis
1096 2165 1210 2231 Sabini

198 2255 387 2320 intulissent
413 2253 592 2338 proeliique
620 2257 783 2320 certamen
813 2255 939 2319 varium
968 2257 1066 2337 atque
1090 2277 1209 2340 anceps

197 2343 326 2426 fuisset,
356 2365 429 2406 cum
458 2340 494 2406 Τ.
522 2341 631 2425 Tatio,
662 2363 739 2428 rege
767 2339 974 2424 Sabinorum,
1005 2341 1119 2407 foedus
1151 2343 1210 2408 icit

198 2430 356 2496 matronis
378 2429 468 2514 ipsis,
491 2451 574 2514 quae
596 2433 711 2513 raptae
729 2433 831 2513 erant,
855 2431 1037 2514 orantibus
1060 2453 1125 2515 quo
1143 2431 1210 2496 foe·
1224 2449 1251 2490 a

198 2519 273 2584 dere
295 2522 329 2584 et
352 2517 490 2583 Sabinos
512 2517 549 2582 in
571 2517 738 2582 civitatem
759 2517 898 2582 adscivit
920 2519 1021 2584 sacris
1044 2519 1210 2584 conmuni·

198 2607 280 2673 catis
295 2609 337 2671 -et
359 2627 497 2691 regnum
519 2626 615 2670 suum
637 2628 711 2670 cum
733 2605 866 2670 illorum
889 2627 966 2692 rege
987 2607 1134 2672 sociavit.

158 2682 179 2747 8
263 2693 345 2760 Post
363 2693 532 2758 interitum
553 2697 662 2758 autem
676 2693 764 2758 Tatii
782 2716 855 2759 cum
874 2694 917 2758 ad
935 2716 1008 2758 eum
1023 2694 1209 2762 dominatus

146 2759 180 2808 14
197 2812 224 2864 p.
236 2785 301 2863 272]
322 2783 427 2846 omnis
446 2782 640 2865 rescidisset,
661 2782 665 2866 Ι
686 2804 883 2866 quamquam
901 2805 975 2846 cum
994 2782 1089 2848 Tatio
1108 2783 1144 2848 iu
1160 2806 1210 2849 re·

198 2871 288 2958 gium
310 2870 483 2936 consilium
501 2869 668 2955 delegerat
686 2871 846 2954 principes
866 2867 937 2956 (qui
955 2871 1113 2955 appellati
1131 2876 1210 2937 sunt
1223 2890 1249 2930 ω

197 2962 332 3044 propter
350 2959 521 3024 caritatem
539 2955 687 3043 patres)
707 2957 927 3042 populumque
945 2962 979 3023 et
998 2981 1057 3024 suo
1071 2963 1105 3024 et
1120 2959 1211 3026 Tatii

197 3047 327 3113 nomine
356 3049 392 3112 et
417 3045 628 3130 Lucumonis,
658 3046 714 3131 qui
736 3046 868 3110 Romuli
896 3046 1002 3112 socius
1029 3047 1064 3111 in
1086 3044 1209 3115 Sabi-no

197 3134 323 3220 proelio
345 3134 516 3218 occiderat,
538 3134 573 3197 in
595 3133 701 3198 tribus
724 3133 785 3197 tris
807 3134 979 3218 curiasque
1001 3135 1141 3221 triginta
1164 3137 1212 3202 di·

198 3222 373 3307 scripserat
401 3219 497 3307 (quas
525 3221 630 3286 curias
657 3243 770 3285 earum
791 3222 978 3288 nominibus
999 3225 1211 3310 nuncupavit,

198 3331 280 3394 quae
309 3331 348 3374 ax
371 3307 500 3374 Sabinis
527 3309 671 3394 uirgines
698 3312 812 3393 raptae
839 3313 956 3394 postea
982 3310 1111 3378 fuerant
1138 3335 1210 3378 ora·
1223 3331 1247 3372 a

197 3397 294 3462 trices
320 3397 410 3482 pacis
438 3401 472 3460 et
498 3393 652 3482 foederis)
675 3430 718 3444 -·
742 3397 799 3461 sed
826 3419 1023 3483 quamquam
1050 3423 1089 3464 ea
1111 3401 1209 3468 Tatio

197 3512 224 3563 p.
243 3487 309 3566 23⁷]
338 3484 385 3549 sic
409 3487 502 3548 crant
522 3487 527 3566 Ι
548 3483 704 3566 discripta
726 3484 814 3567 vivo,
841 3489 953 3550 tamen
974 3508 1013 3551 eo
1036 3487 1209 3556 interfecto
