2596 3882
345 123 413 180 ΜΒ.
432 123 454 181 1.
479 123 554 179 OAP.
573 129 688 180 40-43.
711 131 727 192 a
746 132 859 182 ea-er.
1044 127 1108 192 301

97 289 237 422 {ttt'b
257 268 1112 444 {labbatuttttttatttttttttt

98 445 194 512 eiecit
211 448 396 529 tyrannum,
419 448 470 510 est
489 446 696 530 moderatior,
717 446 824 530 quoad
843 447 942 512 sentit
961 449 994 512 et
1015 447 1111 532 sapit,
1159 472 1163 478 ·

99 537 133 599 et
161 555 221 599 sua
247 555 283 598 re
306 537 400 619 gesta
422 533 567 599 laetatur
588 535 737 619 tuerique
759 535 832 600 vult
854 556 912 620 per
935 555 970 600 se
993 536 1112 601 eonsti-

71 625 206 687 stutam
223 643 292 686 rem
310 621 484 707 publicam.
517 620 552 687 Si
570 622 698 707 quando
718 626 776 688 aut
789 623 860 709 regi
873 623 960 689 iusto
974 623 1043 688 vim
1056 645 1112 709 pu-

97 710 195 796 pulus
214 708 220 793 l
241 710 354 774 attulit
371 731 514 796 regnove
533 732 607 776 eum
626 710 781 795 spoliavit
799 715 857 776 aut
875 711 983 796 etiam,
1004 714 1044 792 [p.
1059 728 1111 776 243

97 799 131 865 id
151 798 237 883 quod
255 799 363 864 evenit
376 798 514 883 saepius,
534 799 743 884 optimatium
757 800 950 884 sanguinem
966 801 1112 886 gustavit

98 977 194 1060 putes
222 977 332 1040 autem
359 995 449 1040 mare
475 975 580 1040 ullum
608 978 665 1040 aut
691 975 857 1042 flammam
880 997 952 1042 esse
974 980 1112 1060 tantam,

59 1080 86 1122 re
101 1085 199 1148 quam
226 1085 293 1128 non
318 1063 448 1128 facilius
476 1063 520 1128 sit
548 1063 661 1128 sedare
689 1085 787 1148 quam
814 1065 1005 1130 effrenatam
1027 1065 1112 1130 inso-

98 1151 203 1217 lentia
225 1149 494 1236 multitudinem),
517 1155 588 1219 tum
611 1153 651 1216 fit
672 1151 763 1237 illud,
787 1153 873 1236 quod
896 1153 981 1238 apud
1003 1152 1112 1218 Platu

99 1261 175 1305 nem
203 1243 258 1304 esta
275 1240 438 1306 luculente
461 1239 597 1323 dietum,
626 1240 654 1304 si
676 1241 773 1306 modu
795 1241 829 1306 id
852 1241 1030 1326 exprimere
1052 1242 1113 1307 La-

99 1327 169 1394 tine
195 1331 347 1413 potuer03
374 1326 506 1393 difficile
528 1328 619 1394 laetu
639 1327 643 1412 Ι
664 1331 727 1413 est,
755 1329 813 1394 sed
834 1330 976 1394 conabor
1000 1332 1040 1411 [p.
1060 1346 1113 1393 244
1122 1381 1166 1444 43

99 1419 220 1481 tamen.
266 1414 389 1482 ‘Oum'
422 1415 508 1481 enim
536 1416 643 1501 inquit
672 1417 949 1501 ‘inexplebiles
976 1419 1166 1508 populis,

59 1520 86 1563 ra
99 1504 233 1570 faueas
253 1508 487 1570 exaruerunt
505 1504 709 1570 libertatis
727 1505 798 1569 siti
815 1505 1007 1590 malisque
1020 1527 1112 1570 usus

100 1593 171 1658 ille
193 1593 391 1658 ministris
414 1614 489 1657 nun
512 1593 658 1658 modice
680 1596 951 1678 temperatam,
975 1594 1040 1658 sed
1058 1595 1114 1658 ni-

100 1681 172 1746 mis
205 1703 394 1747 meracam
426 1680 653 1746 libertatem
686 1681 827 1746 sitiens
853 1682 1000 1767 hausit,
1032 1685 1113 1747 tum

100 1769 360 1855 magistratus
387 1772 426 1834 et
452 1769 664 1855 principes,
695 1769 773 1835 nisi
800 1770 912 1836 valde
941 1772 1047 1835 lenes
1076 1775 1113 1836 et

100 1857 256 1924 remissi
292 1858 372 1923 sint
408 1860 447 1923 et
482 1858 593 1944 large
631 1856 707 1922 sibi
744 1857 971 1924 libertatem
1003 1858 1114 1923 mini·

59 1949 242 2030 astrent,
269 1945 506 2030 insequitur,
533 1946 750 2030 insimulat,
779 1947 924 2032 arguit,
951 1969 1114 2033 praepo·

99 2038 245 2118 tentes,
270 2055 397 2121 reges,
424 2038 613 2119 tyrannos
640 2033 779 2101 voeat’
824 2034 916 2100 Puto,
937 2035 1024 2100 enim
1051 2036 1113 2101 tibi

99 2123 181 2190 haee
204 2144 275 2188 esse
296 2126 385 2188 nota.
420 2123 458 2188 L.
477 2121 564 2188 Vero
587 2122 677 2207 mihi,
700 2119 817 2210 iniquit
838 2123 904 2208 ille,
922 2145 977 2189 nu
1001 2126 1042 2204 [p.
1063 2141 1112 2188 151

100 2211 237 2278 tissima.
278 2210 311 2276 S.
332 2210 423 2298 Ergo
446 2211 506 2275 illa
528 2215 720 2295 sequuntur:
743 2211 838 2296 εθοε,
862 2212 927 2296 qui
948 2215 1114 2296 pareant
1133 2227 1166 2276 er

100 2299 360 2386 principibus,
396 2299 543 2384 agitari
580 2299 626 2365 ab
658 2320 701 2364 eo
732 2301 876 2385 populo
909 2303 947 2365 et
979 2321 1114 2365 servos

60 2387 350 2456 asvoluntarios
382 2387 591 2472 appellari3
620 2409 685 2452 eus
713 2390 853 2472 autem,
882 2388 946 2473 qui
973 2388 1012 2452 in
1038 2410 1114 2452 ma-

102 2477 276 2563 gistratu
303 2475 548 2561 privatorum
576 2475 725 2540 similes
755 2497 840 2541 esse
866 2475 1006 2560 velint,
1033 2498 1115 2541 eos-

103 2586 174 2651 que
200 2564 392 2650 privatus,
420 2563 485 2648 qui
508 2563 703 2646 efficiant,
730 2585 775 2628 ne
799 2563 888 2648 quid
911 2564 1016 2629 inter
1037 2565 1114 2649 pri-

102 2656 234 2718 vatum
263 2655 301 2718 et
328 2651 603 2738 magistratum
631 2651 808 2736 differat,
835 2651 968 2717 ferunt
990 2653 1115 2718 laudi·

52 2749 54 2754 '
101 2741 173 2808 bus
205 2744 242 2807 et
274 2744 446 2806 mactant
477 2739 706 2824 honoribus,
738 2744 780 2805 ut
809 2761 966 2806 neeesse
996 2741 1049 2805 sit
1076 2741 1116 2805 in

59 2829 183 2895 meins
224 2829 326 2894 modi
366 2850 405 2895 re
441 2828 600 2913 publiea
635 2829 751 2913 plena
787 2828 992 2894 libertatis
1030 2850 1115 2894 esse

101 2917 241 3001 omnia,
263 2919 306 2982 ut
328 2920 366 2982 et
388 2916 544 3002 privata
567 2918 698 2982 domus
722 2917 846 2982 omnis
865 2921 977 2983 vacet
995 2917 1116 2982 domi-

99 3003 272 3092 naltione
295 3008 333 3070 et
354 3005 427 3071 hoe
449 3005 590 3070 malum
613 3025 732 3089 usque
755 3005 801 3070 ad
823 3005 976 3070 bestias
1001 3008 1041 3086 [p.
1063 3021 1113 3070 152

100 3093 318 3180 perveniat,
359 3091 522 3177 denique
558 3096 600 3158 ut
634 3096 748 3177 pater
783 3093 913 3158 filium
950 3097 1115 3178 metuat,

99 3182 214 3248 filius
236 3185 386 3268 patrem
409 3182 607 3267 neglegat,
631 3181 736 3246 absit
764 3182 887 3247 omnis
911 3181 1046 3267 pudor,
1073 3186 1116 3247 ut

59 3286 86 3329 ³⁶
100 3272 215 3357 plane
228 3268 348 3334 liberi
367 3268 459 3353 sint,
481 3268 582 3334 nihil
601 3269 776 3353 intersit,
799 3269 897 3335 ciris
917 3269 970 3335 sit
988 3292 1034 3334 an
1053 3292 1116 3355 pe·

100 3358 293 3446 regrinus,
317 3357 506 3444 magister
527 3360 569 3422 ut
593 3357 808 3441 discipulos
832 3361 981 3423 metuat
1005 3362 1042 3423 et
1065 3358 1115 3422 iis

100 3447 329 3514 blandiatur
365 3449 627 3530 spernantque
665 3445 850 3531 discipuli
887 3447 1117 3534 magistros,
