2610 3894
357 75 425 132 ura.
445 77 480 130 11.
500 75 575 133 car.
596 85 708 133 or-oa
728 82 744 144 s
763 83 912 133 153-159.
1077 77 1144 142 103

127 221 378 305 laetissumique
406 219 532 286 fructus
560 221 645 286 nihil
673 220 804 288 omnino
832 221 874 286 cd
900 221 1023 286 bestias
1046 221 1146 306 perti·

127 313 216 375 nent.
267 308 381 393 Neque
414 309 500 374 enim
533 310 660 375 serendi
690 331 795 394 neque
826 310 954 374 colendi
979 331 1039 374 nec
1065 312 1146 374 tem·

127 398 257 483 pestive
289 397 472 462 demetendi
501 398 762 483 percipiendique
789 396 914 464 fructus
941 418 1045 482 neque
1072 419 1146 463 oon-

129 486 227 551 dendi
245 507 284 551 ac
297 486 474 571 reponendi
486 487 557 550 ulla
569 487 728 571 pecudum
742 486 878 552 scientia
892 489 951 570 est,
970 507 1146 570 carumque
1156 537 1200 602 63

102 573 278 640 somnium
308 596 416 638 rerum
446 573 616 640 hominum
645 578 696 640 est
725 578 758 640 et
787 596 865 640 usus
893 578 926 639 et
954 597 1040 640 cura.
1084 573 1132 638 Ut
1148 615 1200 664 15⁷

128 663 210 727 fides
234 661 337 747 igitur
361 665 394 727 et
411 662 510 727 tibias
531 684 642 728 eorum
661 685 759 728 causa
776 661 880 728 factas
900 662 1067 728 dicendum
1085 665 1146 746 est,

129 751 188 836 qui
210 750 279 814 illis
302 750 352 816 uti
374 754 523 836 possent,
552 751 598 816 sic
622 773 673 836 ea,
697 773 779 836 quae
803 751 882 836 dixi,
905 751 946 816 iis
970 751 1049 816 solis
1072 771 1146 815 con-

127 840 290 904 fitendum
317 842 368 903 est
394 860 465 903 esse
493 842 624 923 parata,
652 840 708 923 qui
729 843 880 924 utuntur,
908 861 981 926 neo,
1011 839 1040 904 si
1063 860 1146 923 quae

129 927 257 993 bestiae
286 925 438 992 fruantur
466 927 590 1011 aliquid
619 949 657 992 ex
683 928 725 992 iis
754 931 810 992 aut
838 927 983 1013 rapiunt,
1013 927 1146 992 illarum

89 1037 116 1077 ro
129 1037 260 1101 quoque
284 1037 382 1081 causa
405 1037 444 1080 ea
465 1019 545 1080 nata
567 1037 637 1081 esse
662 1015 813 1082 dicemus.
849 1014 963 1100 Neque
985 1016 1071 1080 enim
1089 1015 1147 1080 ho

129 1105 236 1168 mines
265 1127 393 1168 murum
417 1107 473 1168 aut
495 1103 707 1169 formicarum
730 1126 828 1170 causa
850 1102 1050 1169 frumentum
1073 1125 1147 1169 con-

129 1194 222 1276 dunt,
241 1192 298 1256 sed
315 1193 489 1278 coniugum
503 1196 537 1256 et
550 1193 729 1257 liberorum
744 1196 776 1257 et
790 1192 990 1257 familiarum
1005 1214 1147 1258 suarum.
1259 1193 1262 1200 “

128 1281 248 1365 Itaque
267 1281 392 1345 bestiae
409 1280 534 1366 furtim,
556 1285 594 1345 ut
613 1281 688 1366 dixi,
710 1281 872 1365 fruuntur,
895 1281 1018 1346 domini
1035 1281 1147 1366 palam

130 1374 167 1436 et
193 1369 304 1436 libere.
349 1368 530 1433 Hominum
559 1370 661 1455 igitur
691 1391 789 1434 causa
817 1390 871 1434 eas
898 1391 1008 1435 rerum
1036 1368 1201 1454 copiaslss

14 1483 16 1488 a
90 1478 117 1518 15
132 1461 343 1542 comparatas
365 1456 534 1522 fatendum
558 1461 621 1542 est,
644 1457 708 1521 nisi
730 1457 816 1523 forte
839 1460 935 1522 tanta
956 1458 1090 1522 ubertas
1115 1460 1148 1521 et
1261 1521 1265 1532 ,

129 1546 276 1612 varietas
308 1567 481 1630 pomorum
513 1568 688 1630 eorumque
714 1545 872 1610 iucundus
900 1567 967 1611 non
995 1549 1147 1632 gustatus

131 1636 255 1719 solum,
283 1634 339 1699 sed
367 1633 521 1699 odoratus
550 1634 650 1698 etiam
678 1637 712 1698 et
735 1637 886 1720 aspectus
910 1633 1148 1699 dubitationem

132 1723 255 1806 adfert,
292 1722 370 1807 quin
405 1722 592 1787 hominibus
630 1722 709 1788 solis
747 1744 786 1788 ea
818 1725 938 1786 natura
969 1721 1148 1787 donaverit.

131 1811 340 1895 Tantumque
364 1805 466 1895 abest,
489 1815 527 1875 ut
549 1811 629 1877 haec
651 1811 831 1876 bestiarum
854 1810 954 1875 etiam
977 1832 1075 1876 causa
1092 1833 1149 1895 pa·

90 1921 116 1961 ao
131 1904 207 1966 rata
231 1900 310 1983 sint,
332 1902 370 1964 ut
391 1899 481 1984 ipsas
505 1899 628 1965 bestias
651 1899 820 1965 hominum
843 1899 952 1985 gratia
975 1902 1149 1985 generatas

131 2010 204 2054 esse
232 1987 408 2052 videamus.
454 1985 539 2063 Quid
566 1989 652 2053 enim
680 2009 756 2053 oves
781 1988 869 2052 aliud
893 1987 1057 2071 adferunt,
1083 1987 1149 2052 nisi

130 2082 170 2142 ut
194 2098 306 2140 earum
327 2076 416 2141 villis
440 2076 596 2141 confectis
621 2081 718 2161 atque
742 2076 902 2142 contextis
925 2076 1073 2142 homines
1096 2098 1149 2141 ve

132 2165 298 2230 stiantur‘?
323 2187 405 2248 quac
429 2164 559 2247 quidem
581 2187 685 2249 neque
709 2164 754 2228 ali
775 2186 879 2249 neque
899 2165 1077 2229 sustentari
1094 2186 1149 2230 ne·

133 2276 197 2338 que
224 2253 329 2317 ullum
355 2252 499 2317 fructum
527 2253 620 2318 edere
648 2275 688 2317 ex
716 2275 750 2318 se
773 2253 842 2317 sine
866 2254 955 2318 cultu
978 2252 1149 2318 hominum

89 2361 118 2402 25
133 2347 168 2408 et
191 2340 357 2407 curatione
380 2341 573 2426 potuissent.
614 2339 739 2407 Canum
761 2363 839 2407 rero
862 2345 933 2406 tam
954 2341 1021 2405 fida
1043 2343 1150 2405 custo·

134 2431 189 2495 dia
225 2433 357 2514 tamque
395 2451 508 2494 amans
541 2429 746 2494 dominorum
777 2429 922 2494 adulatio
955 2432 1149 2511 tantumque

134 2518 246 2584 odium
272 2518 308 2582 in
335 2521 485 2583 externos
514 2520 547 2582 et
572 2522 641 2582 tam
664 2517 862 2582 incredibilis
886 2517 928 2582 ad
950 2515 1149 2601 investigan-

135 2607 212 2671 dum
232 2606 395 2691 sagacitas
413 2605 551 2689 narium,
574 2609 669 2671 tanta
688 2606 841 2672 alacritas
859 2605 895 2669 in
908 2603 1055 2669 venando
1071 2603 1149 2688 quid

135 2694 301 2782 significat
319 2694 409 2760 aliud
425 2694 490 2759 nisi
509 2715 543 2759 se
563 2695 604 2758 ad
621 2695 791 2759 hominum
809 2692 1057 2759 commoditates
1077 2713 1148 2756 esse

91 2802 119 2842 so
136 2783 332 2870 generatos?
364 2781 448 2859 Quid
466 2782 504 2846 de
523 2782 629 2847 bubus
649 2782 786 2867 loquar?
806 2803 944 2866 quorum
957 2780 1030 2865 ipsa
1043 2783 1140 2866 terga
1150 2789 1202 2848 159.

135 2872 304 2937 declarant
330 2893 396 2937 non
424 2893 494 2936 esse
522 2893 557 2936 se
580 2871 621 2936 ad
644 2892 725 2936 onus
750 2869 970 2954 accipiendum
992 2869 1149 2954 figurata3

134 2961 276 3026 eervices
300 2964 410 3024 autem
431 2963 529 3024 natae
553 2959 593 3024 ad
615 2958 738 3044 iugum,
759 2963 831 3023 tum
853 2957 939 3022 vires
962 2959 1149 3023 umerorum

135 3053 169 3114 et
187 3047 377 3113 latitudines
398 3047 439 3113 ad
453 3051 564 3112 aratra
580 3046 814 3130 [ex]trahenda.
847 3044 980 3131 Quibus,
999 3068 1072 3111 cum
1085 3049 1148 3111 ter·

134 3158 191 3203 rae
215 3137 444 3222 subigerentur
466 3136 598 3200 fissione
622 3136 802 3222 glebarum,
827 3135 868 3198 ab
891 3134 951 3200 illo
974 3156 1072 3200 aureo
1096 3156 1149 3221 ge

92 3242 121 3282 ³⁵
134 3246 225 3309 nere,
252 3229 290 3290 ut
312 3228 429 3310 poetae
452 3224 639 3309 loquuntur,
662 3224 712 3289 vis
734 3223 827 3287 nulla
849 3245 1004 3309 umquam
1028 3223 1149 3288 adsere

134 3313 242 3379 batur.

201 3400 344 3467 Ferrea
371 3405 453 3466 tum
475 3421 565 3468 vero
588 3401 720 3484 proles
745 3403 881 3465 exorta
903 3403 1065 3486 repente
1088 3402 1151 3464 est
1280 3409 1281 3472 ζ
