2630 3890
421 137 488 192 ΜΒ.
508 139 529 194 1.
550 138 625 195 cAP.
645 145 752 194 32-34
769 142 784 203 s
804 146 917 195 es-re.
1112 141 1176 206 173

163 283 344 370 fulgurales
364 291 402 346 et·
414 283 550 347 rituales
569 283 655 366 libri,
673 283 775 349 vestri
793 283 892 348 etiam
909 284 1091 368 augurales,
1110 285 1177 350 alia

165 377 274 438 autem
303 371 413 436 subito
442 393 481 436 ex
507 375 664 456 tempore
682 371 867 437 coniectura
894 373 1109 457 explicantur,
1138 377 1176 437 ut

165 461 251 546 apud
282 460 462 525 Homerum
495 457 647 543 Calchas
682 460 737 544 qui
770 481 808 524 ex
840 481 1009 545 passerum
1041 482 1176 526 numero

164 549 244 614 belli
274 547 407 614 Troiani
437 569 539 613 annos
570 551 748 634 auguratus
778 552 841 632 est,
874 553 907 613 et
935 552 973 613 ut
1001 549 1037 613 in
1066 547 1176 614 Sullae

137 637 323 722 ascriptum
341 637 480 702 historia
497 636 653 720 videmus,
677 637 763 721 quod
781 640 814 701 te
832 637 1034 721 inspectante
1051 637 1176 703 factum

165 729 224 809 est,
247 729 293 808 ut,
315 747 389 790 cum
411 725 469 789 ille
492 725 527 789 in
551 747 631 811 agro
647 723 778 804 Nolano
797 725 972 790 inmolaret
991 729 1067 791 ante
1085 748 1176 812 prae-

164 813 299 897 torium,
329 814 371 878 ab
393 813 506 877 infima
529 835 587 878 ara
610 813 719 878 subito
743 814 860 899 anguis
884 818 1079 900 emergeret,
1102 836 1176 880 cnm

165 902 295 987 quidem
310 899 345 968 Ο.
359 901 546 966 Postumius
569 901 732 987 haruspex
755 905 864 967 oraret
886 902 989 986 illum,
1012 905 1049 966 ut
1071 903 1107 967 in
1126 924 1176 967 ex-

164 990 364 1076 peditionem
387 990 561 1054 exercitum
586 990 747 1074 educeret3
769 990 803 1054 id
826 1012 899 1055 cum
922 988 1014 1055 Sulla
1036 990 1176 1074 fecisset,

124 1099 151 1138 ro
165 1083 236 1143 tum
269 1082 344 1143 ante
377 1078 531 1163 oppidum
560 1077 682 1143 Nolam
712 1078 954 1143 florentissuma
981 1076 1176 1144 Samnitium

165 1170 275 1232 castra
298 1166 392 1252 cepit.
432 1165 533 1231 Facta
556 1167 741 1232 coniectura
765 1166 864 1231 etiam
886 1167 922 1231 in
939 1165 1098 1252 Dionysio
1118 1171 1176 1251 est,
1196 1185 1229 1232 73

165 1256 263 1340 paulo
288 1258 364 1320 ante
387 1276 486 1338 quam
508 1275 645 1340 regnare
668 1254 788 1340 coepit3
811 1255 868 1339 qui
890 1277 963 1320 cum
983 1277 1042 1341 per
1061 1276 1177 1342 agrum

165 1343 361 1409 Leontinum
387 1344 451 1407 iter
477 1343 599 1408 faciens
623 1366 742 1427 equum
764 1343 834 1428 ipse
858 1344 1041 1409 demisisset
1062 1344 1098 1409 in
1120 1345 1177 1408 flu·
1209 1371 1214 1384 ·

166 1453 249 1516 men,
272 1432 460 1496 submersus
484 1453 584 1515 equus
603 1431 815 1518 voraginibus
833 1453 900 1496 non
918 1432 1058 1516 exstitit3
1081 1453 1177 1517 quem

126 1538 152 1580 rs
167 1543 240 1585 cum
262 1520 405 1584 maxima
425 1520 631 1585 contentione
649 1542 715 1585 non
733 1519 896 1605 potuisset
914 1521 1092 1604 extrahere,
1115 1520 1177 1585 dis-

166 1609 277 1692 cessit,
313 1612 351 1673 ut
380 1607 428 1672 ait
460 1608 633 1691 Philistus,
668 1629 765 1694 aegre
794 1607 910 1673 ferens.
935 1606 1039 1673 -Oum
1068 1612 1177 1674 autem

131 1769 132 1774 η
167 1697 372 1781 aliquantum
400 1718 593 1782 progressus
622 1700 721 1781 esset,
749 1696 859 1761 subito
887 1697 1051 1762 exaudivit
1073 1697 1178 1762 hinni-

165 1789 237 1850 tum
273 1785 479 1870 respexitque
516 1789 549 1849 et
581 1806 699 1869 equum
731 1785 872 1849 alacrem
904 1785 1010 1850 laetus
1043 1787 1178 1870 aspexit,

166 1873 257 1939 cuius
279 1873 314 1936 in
336 1873 415 1938 iuba
438 1894 572 1938 examen
595 1873 705 1958 apium
726 1873 925 1938 consederat.
962 1872 1055 1950 Quod
1072 1877 1178 1939 osten·
1207 1887 1209 1892 '

126 1983 153 2022 ao
167 1966 237 2026 tum
264 1961 381 2026 habuit
404 1961 488 2026 hanc
511 1962 591 2046 vim,
621 1965 658 2026 ut
681 1961 857 2046 Dionysius
879 1962 991 2047 paucis
1015 1967 1091 2047 post
1115 1963 1176 2026 die·
1188 2013 1231 2077 34

166 2051 227 2115 bns
246 2071 384 2136 regnare
402 2049 553 2135 coeperit.
585 2047 691 2125 Quid?
709 2048 973 2116 Lacedaemoniis
986 2051 1085 2136 paulo
1101 2055 1176 2116 ante
1198 2091 1231 2139 74
1265 2061 1267 2069 ’

166 2139 370 2206 Leuctricam
402 2137 622 2203 calamitatem
655 2160 737 2222 quae
770 2138 966 2224 significatio
996 2137 1086 2204 facta
1118 2143 1177 2222 est,

167 2250 240 2292 cum
262 2227 298 2291 in
315 2226 466 2291 Herculis
488 2226 566 2292 fano
590 2248 682 2292 arma
705 2231 882 2291 sonuerunt
900 2226 1114 2311 Herculisque
1138 2227 1178 2292 si·

167 2315 349 2380 mulacrum
372 2315 476 2380 multo
500 2315 616 2380 sudore
639 2315 799 2380 manaritl
830 2315 878 2380 At
900 2315 1013 2380 eodem
1031 2319 1178 2399 tempore

126 2403 299 2488 aeThebis,
320 2407 358 2467 nt
382 2403 429 2467 ait
447 2400 675 2488 Callisthenes,
697 2403 733 2467 in
750 2403 874 2488 templo
893 2402 1044 2468 Herculis
1062 2403 1179 2468 valvae

167 2493 296 2557 clausae
315 2491 481 2578 repagulis
501 2491 610 2556 subito
628 2491 771 2576 seipsae
790 2494 994 2576 aperuerunt,
1015 2513 1178 2575 armaque,
1228 2531 1231 2536 -

168 2602 250 2664 quae
272 2581 337 2645 fixa
359 2580 393 2644 in
415 2580 595 2665 parietibus
613 2579 752 2662 fuerant,
776 2601 815 2644 ea
833 2583 909 2644 sunt
927 2578 1019 2643 humi
1036 2579 1178 2643 inventa.

169 2667 313 2753 Cumque
345 2669 457 2734 eodem
488 2671 635 2752 tempore
668 2668 754 2752 apud
785 2666 961 2732 Lebadiam
989 2665 1177 2751 Trophonio

169 2779 221 2821 res
245 2757 353 2822 divina
374 2757 476 2840 fieret,
500 2757 607 2842 gallos
632 2756 832 2842 gallinaceos
854 2755 890 2819 in
913 2778 950 2820 eo
969 2755 1041 2820 loeo
1061 2755 1107 2820 sic
1126 2755 1178 2819 ad·

129 2861 156 2902 ³⁰
170 2844 261 2909 sidue
292 2866 406 2910 canere
438 2845 596 2929 coepisse,
627 2847 665 2909 ut
696 2844 779 2908 nihil
808 2843 1075 2926 intermitterent3
1107 2845 1178 2908 tum

169 2953 309 3019 augures
333 2933 451 2998 dixisse
474 2931 629 3018 Boeotios
653 2931 882 2998 Thebanorum
905 2953 975 2996 esse
998 2931 1178 3016 victoriam,

167 3026 342 3106 propterea
369 3021 455 3106 quod
483 3021 552 3086 avis
579 3021 638 3086 illa
664 3021 752 3085 victa
775 3020 870 3084 silere
894 3020 1027 3103 soleret,
1055 3041 1178 3104 canere,

169 3110 197 3174 si
218 3109 359 3176 vicisset.
394 3108 582 3193 Eademque
604 3111 800 3194 tempestate
823 3107 936 3172 multis
961 3107 1063 3194 signis
1082 3107 1178 3174 Lace
1198 3120 1232 3170 75

168 3197 347 3264 daemoniis
365 3196 554 3263 Leuctricae
575 3218 705 3284 pugnae
728 3196 898 3262 calamitas
918 3197 1178 3262 denuntiabatur.

128 3302 154 3344 ³⁵
167 3285 318 3371 Namque
341 3289 374 3350 et
396 3286 431 3350 in
453 3284 621 3370 Lysandri,
644 3285 700 3370 qui
718 3284 1046 3351 Lacedaemoniorum
1069 3285 1179 3350 elaris·

169 3374 271 3440 simus
297 3374 419 3459 fuerat,
446 3377 568 3458 statua,
597 3397 678 3458 quae
701 3372 840 3459 Delphis
864 3374 988 3459 stabat,
1014 3373 1049 3438 in
1073 3373 1178 3458 capite

169 3485 289 3530 corona
312 3462 420 3528 subito
445 3462 571 3528 exstitit
595 3485 633 3527 ex
656 3463 779 3549 asperis
801 3462 912 3527 herbis
931 3466 965 3528 et
984 3462 1178 3546 agrestibus,
