2498 3880
191 113 255 177 154
542 113 592 168 DE
609 113 853 169 DIVINATIONE

233 257 284 323 Te
306 257 440 344 patria
461 258 501 322 in
523 259 648 323 media
669 259 860 325 virtutum
882 260 982 324 mole
1005 260 1167 325 locavit

233 344 288 411 'I'n
310 351 438 411 tamen
462 347 658 412 anxiferas
677 368 789 412 ouras
808 348 985 432 requiete
1003 349 1200 434 relaxans,

234 433 339 510 Quod
365 435 518 521 patriae
545 439 672 520 vacat,
699 435 738 499 id
761 435 903 500 studiis
925 436 1122 521 nobisque
1145 459 1198 502 sa·

979 525 1114 590 orasti.

190 609 239 676 Tu
261 612 365 697 igitur
387 611 533 677 animum
555 612 678 697 poteris
701 611 852 678 inducere
875 615 989 678 contra
1007 634 1056 698 ea,
1081 635 1198 698 qnaea

190 722 242 764 me
265 699 474 785 disputantur
495 701 536 766 de
558 700 765 785 divinatione,
788 701 903 785 dicere,
927 702 983 785 qui
1006 704 1040 766 et
1059 701 1228 788 gesseras

189 810 242 873 ea,
270 809 351 872 quae
375 787 521 874 gessisti,
545 793 578 852 et
601 810 652 874 ea,
675 811 758 873 quae
779 789 1003 874 pronuntiavi,
1027 790 1197 856 accuratis·

137 888 171 938 23
191 897 280 941 sume
303 876 494 961 scripseris?
535 875 640 952 Quid?
664 877 802 962 quaeris,
825 875 1018 962 Carneades,
1041 901 1100 944 cur
1122 878 1197 943 haec

189 965 237 1029 ita
262 964 344 1028 fiant
371 967 428 1029 aut
455 986 520 1048 qua
542 968 612 1029 arte
634 965 775 1050 perspici
796 966 946 1049 possint?
991 965 1127 1032 Nescire
1150 987 1197 1030 me

189 1052 304 1137 fateor,
327 1053 455 1117 evenire
479 1056 587 1118 antem
609 1057 643 1117 te
665 1053 773 1138 ipsum
792 1054 863 1120 dico
882 1053 999 1120 ridere.
1036 1053 1133 1139 casu,
1155 1055 1197 1119 in·

191 1142 273 1226 quis.
308 1139 402 1206 Itane
424 1142 524 1207 vero?
549 1141 721 1227 quicquam
743 1145 855 1227 potest
876 1165 953 1208 casu
975 1165 1046 1208 esse
1064 1143 1195 1226 factum,
1208 1161 1226 1198 1⁰

191 1228 277 1314 quod
300 1251 411 1295 omnes
434 1230 536 1295 habet
557 1231 592 1295 in
615 1252 649 1295 se
666 1251 818 1297 numeros
835 1231 1006 1297 veritatis?
1038 1230 1196 1307 Quattuor

190 1317 251 1382 tali
273 1317 352 1382 iacti
370 1339 447 1384 casu
464 1316 642 1383 Venerium
665 1317 824 1404 efficiunt3
846 1341 925 1383 num
948 1319 1048 1384 etiam
1070 1323 1196 1384 centum

190 1404 362 1490 Venerios,
385 1407 414 1471 si
436 1406 690 1492 quadringentos
713 1407 799 1473 talos
822 1406 948 1491 iecoris,
971 1429 1050 1472 casn
1071 1407 1195 1472 futuros

190 1495 309 1580 putas?
341 1494 487 1580 Aspersa
508 1498 630 1560 temere
652 1495 822 1580 pigmenta
838 1495 872 1558 in
889 1495 1004 1560 tabula
1023 1497 1089 1560 oris
1108 1495 1196 1560 linia·

190 1586 301 1647 menta
324 1583 450 1648 efficere
472 1586 624 1668 possunt3
646 1604 725 1648 num
747 1583 847 1648 etiam
865 1580 1003 1648 Veneris
1021 1581 1107 1648 Ooae
1129 1583 1225 1668 pul-1⁵

191 1670 407 1735 chritudinem
426 1671 510 1736 effici
527 1693 624 1756 posse
638 1671 824 1756 aspersione
837 1670 976 1737 fortuita
989 1673 1110 1757 putas?
1138 1670 1194 1736 Sus

191 1762 297 1824 rostro
322 1759 351 1823 si
372 1759 464 1823 humi
484 1759 515 1824 A
537 1760 682 1824 litteram
704 1759 903 1844 inpresserit,
925 1782 1004 1824 num
1026 1763 1195 1846 propterca

192 1847 350 1931 suspicari
380 1847 502 1932 poteris
535 1847 798 1913 Andromacham
829 1847 929 1913 Ennii
960 1848 1002 1913 ab
1035 1870 1074 1914 ea
1103 1869 1194 1935 posse

192 1934 353 2000 describi?
389 1933 553 2022 Fingebat
575 1934 757 2002 Oameades
779 1936 815 2001 in
837 1934 993 2003 Chiorum
1015 1936 1194 2022 lapicidinis

192 2044 270 2088 saxo
298 2023 422 2089 diffisso
451 2027 548 2109 caput
576 2024 721 2090 extitisse
743 2023 887 2109 Panisci3
914 2025 1024 2110 oredo,
1056 2025 1224 2110 aliquanto

191 2134 258 2178 non
281 2111 470 2177 dissimilem
492 2113 639 2197 figuram,
663 2112 720 2177 sed
741 2116 828 2178 certe
850 2133 918 2178 non
939 2114 1050 2198 talam,
1073 2117 1110 2179 ut
1127 2135 1194 2178 earn

191 2199 314 2265 factam
336 2223 357 2265 a
375 2198 480 2285 Scopa
502 2201 633 2266 diceres.
669 2199 723 2266 Sic
746 2201 833 2267 enirn
855 2223 890 2267 se
908 2201 1056 2288 profecto
1075 2224 1125 2268 res
1141 2201 1194 2266 ha·

140 2290 258 2420 14bet,
280 2293 318 2354 ut
339 2310 517 2374 numquam
539 2289 681 2373 perfecte
702 2289 878 2355 veritatem
900 2312 995 2392 casus
1017 2291 1134 2392 imitat,
1164 2341 1170 2354 .

139 2435 174 2483 24
192 2377 669 2541 evrihiffldddqiihdi'
683 2399 817 2531 ,311qu
819 2379 1071 2534 ‘athath
1090 2399 1193 2533 iffi
1203 2479 1223 2520 r

192 2555 263 2620 dico
287 2554 415 2638 artium,
439 2577 521 2640 quae
545 2553 730 2620 coniectura
752 2555 960 2621 continentur
982 2559 1016 2620 et
1040 2560 1116 2622 sunt
1131 2554 1193 2639 opi·

191 2643 327 2708 nabiles.
372 2641 427 2706 An
458 2642 618 2707 medicina
651 2665 703 2708 ars
730 2664 798 2708 non
824 2643 970 2728 putanda
998 2645 1070 2710 est?
1103 2664 1193 2729 qnam

191 2735 301 2796 tamen
323 2732 429 2795 multa
450 2730 578 2795 fallunt.
624 2729 728 2806 Quid?
757 2732 990 2817 gubernatores
1012 2754 1119 2798 nonne
1138 2729 1192 2794 fal·

190 2819 325 2884 Iuntur?
357 2817 412 2882 An
424 2818 625 2884 Achivorum
647 2819 805 2885 exercitus
830 2823 863 2884 et
880 2824 933 2887 tot
948 2821 1083 2886 navium
1100 2821 1191 2884 recto

191 2929 243 2972 res
272 2928 340 2972 non
368 2907 416 2972 ita
443 2906 582 2992 profecti
609 2910 685 2972 sunt
712 2908 753 2972 ab
776 2907 851 2992 Ilio,
880 2912 919 2974 ut
941 2907 1221 2994 ‘profectionew

191 2995 290 3061 laeti
312 2995 476 3081 piscium
498 2995 703 3061 lasciviam
725 2995 999 3080 intuerentur',
1021 3001 1061 3062 ut
1079 2997 1124 3062 ait
1139 2995 1190 3060 Pa-

192 3084 313 3168 cuvius,
337 3083 420 3150 ‘nec
441 3083 577 3148 tuendi
599 3083 763 3149 satietas
788 3106 923 3169 capere
946 3084 1119 3170 posset?'

235 3157 528 3258 interaa'prope
546 3171 622 3236 iam
641 3171 839 3238 decidente
859 3173 941 3238 sole
960 3166 1190 3239 inhorrescit

998 3284 1101 3329 mare

236 3347 433 3412 Tenebrae
460 3346 785 3433 conduplicantur
811 3349 1017 3435 noctisque
1045 3354 1083 3416 et
1105 3313 1189 3416 'nin-

656 3435 743 3500 bum
766 3439 947 3504 occaecat
968 3439 1112 3524 nigror.
