<?xml version="1.0" encoding="UTF-8"?>
<!DOCTYPE html PUBLIC "-//W3C//DTD XHTML 1.0 Transitional//EN"
    "http://www.w3.org/TR/xhtml1/DTD/xhtml1-transitional.dtd">
<html xmlns="http://www.w3.org/1999/xhtml" xml:lang="en" lang="en">
 <head>
  <title>
</title>
<meta http-equiv="Content-Type" content="text/html;charset=utf-8" />
  <meta name='ocr-system' content='tesseract 3.04.00' />
  <meta name='ocr-capabilities' content='ocr_page ocr_carea ocr_par ocr_line ocrx_word'/>
</head>
<body>
  <div class='ocr_page' id='page_1' title='image "./scriptaquaemans02mullgoog_0323.png"; bbox 0 0 2596 3882; ppageno 0'>
   <div class='ocr_carea' id='block_1_1' title="bbox 189 131 781 196">
    <p class='ocr_par' dir='ltr' id='par_1_1' title="bbox 189 131 781 196">
     <span class='ocr_line' id='line_1_1' title="bbox 189 131 781 196; baseline -0.014 0"><span class='ocrx_word' id='word_1_1' title='bbox 189 131 256 196; x_wconf 81' lang='grc'>266</span> <span class='ocrx_word' id='word_1_2' title='bbox 620 133 669 187; x_wconf 82' lang='lat' dir='ltr'>DE</span> <span class='ocrx_word' id='word_1_3' title='bbox 687 133 781 188; x_wconf 82' lang='lat' dir='ltr'>FATO</span> 
     </span>
    </p>
   </div>
   <div class='ocr_carea' id='block_1_2' title="bbox 188 275 1204 627">
    <p class='ocr_par' dir='ltr' id='par_1_2' title="bbox 188 275 1204 627">
     <span class='ocr_line' id='line_1_2' title="bbox 188 275 1204 362; baseline 0.001 -22"><span class='ocrx_word' id='word_1_4' title='bbox 188 275 310 341; x_wconf 88' lang='lat' dir='ltr'>falsum</span> <span class='ocrx_word' id='word_1_5' title='bbox 332 297 399 342; x_wconf 92' lang='lat' dir='ltr'>non</span> <span class='ocrx_word' id='word_1_6' title='bbox 421 280 480 361; x_wconf 82' lang='lat' dir='ltr'>est,</span> <span class='ocrx_word' id='word_1_7' title='bbox 503 277 559 362; x_wconf 91' lang='lat' dir='ltr'>qui</span> <span class='ocrx_word' id='word_1_8' title='bbox 576 281 687 362; x_wconf 88' lang='lat' dir='ltr'>potest</span> <span class='ocrx_word' id='word_1_9' title='bbox 705 299 772 342; x_wconf 93' lang='lat' dir='ltr'>non</span> <span class='ocrx_word' id='word_1_10' title='bbox 789 300 902 343; x_wconf 87' lang='lat' dir='ltr'>verum</span> <span class='ocrx_word' id='word_1_11' title='bbox 920 277 1013 344; x_wconf 77' lang='lat' dir='ltr'>esse?</span> <span class='ocrx_word' id='word_1_12' title='bbox 1036 276 1204 342; x_wconf 74' lang='lat' dir='ltr'>tenebitur</span> 
     </span>
     <span class='ocr_line' id='line_1_3' title="bbox 189 363 1201 450; baseline 0 -20"><span class='ocrx_word' id='word_1_13' title='bbox 189 367 291 447; x_wconf 66' lang='lat' dir='ltr'>attur·</span> <span class='ocrx_word' id='word_1_14' title='bbox 307 364 353 449; x_wconf 89' lang='lat' dir='ltr'>id,</span> <span class='ocrx_word' id='word_1_15' title='bbox 377 365 462 450; x_wconf 91' lang='lat' dir='ltr'>quod</span> <span class='ocrx_word' id='word_1_16' title='bbox 486 388 506 431; x_wconf 87' lang='lat' dir='ltr'>a</span> <span class='ocrx_word' id='word_1_17' title='bbox 529 363 712 450; x_wconf 77' lang='lat' dir='ltr'>Chrysippo</span> <span class='ocrx_word' id='word_1_18' title='bbox 736 365 928 450; x_wconf 85' lang='lat' dir='ltr'>defenditur,</span> <span class='ocrx_word' id='word_1_19' title='bbox 952 387 1081 432; x_wconf 84' lang='lat' dir='ltr'>ornnem</span> <span class='ocrx_word' id='word_1_20' title='bbox 1104 387 1201 430; x_wconf 91' lang='lat' dir='ltr'>enun-</span> 
     </span>
     <span class='ocr_line' id='line_1_4' title="bbox 190 452 1203 539; baseline 0 -22"><span class='ocrx_word' id='word_1_21' title='bbox 190 453 361 518; x_wconf 87' lang='lat' dir='ltr'>tiationem</span> <span class='ocrx_word' id='word_1_22' title='bbox 385 457 442 518; x_wconf 90' lang='lat' dir='ltr'>aut</span> <span class='ocrx_word' id='word_1_23' title='bbox 459 475 571 519; x_wconf 89' lang='lat' dir='ltr'>veram</span> <span class='ocrx_word' id='word_1_24' title='bbox 588 458 647 518; x_wconf 90' lang='lat' dir='ltr'>aut</span> <span class='ocrx_word' id='word_1_25' title='bbox 664 452 784 519; x_wconf 86' lang='lat' dir='ltr'>falsam</span> <span class='ocrx_word' id='word_1_26' title='bbox 803 476 888 538; x_wconf 82' lang='lat' dir='ltr'>esse3</span> <span class='ocrx_word' id='word_1_27' title='bbox 911 455 996 520; x_wconf 89' lang='lat' dir='ltr'>ratio</span> <span class='ocrx_word' id='word_1_28' title='bbox 1014 454 1088 538; x_wconf 83' lang='lat' dir='ltr'>ipsa</span> <span class='ocrx_word' id='word_1_29' title='bbox 1104 457 1203 539; x_wconf 81' lang='lat' dir='ltr'>coget</span> 
     </span>
     <span class='ocr_line' id='line_1_5' title="bbox 190 541 1202 627; baseline 0 -21"><span class='ocrx_word' id='word_1_30' title='bbox 190 545 223 606; x_wconf 87' lang='lat' dir='ltr'>et</span> <span class='ocrx_word' id='word_1_31' title='bbox 251 563 289 606; x_wconf 85' lang='lat' dir='ltr'>ex</span> <span class='ocrx_word' id='word_1_32' title='bbox 312 542 506 607; x_wconf 71' lang='lat' dir='ltr'>aeternitate</span> <span class='ocrx_word' id='word_1_33' title='bbox 530 541 688 626; x_wconf 80' lang='lat' dir='ltr'>quaedam</span> <span class='ocrx_word' id='word_1_34' title='bbox 711 563 782 606; x_wconf 86' lang='lat' dir='ltr'>esse</span> <span class='ocrx_word' id='word_1_35' title='bbox 804 565 895 627; x_wconf 87' lang='lat' dir='ltr'>vera,</span> <span class='ocrx_word' id='word_1_36' title='bbox 924 547 957 608; x_wconf 93' lang='lat' dir='ltr'>et</span> <span class='ocrx_word' id='word_1_37' title='bbox 980 564 1019 608; x_wconf 89' lang='lat' dir='ltr'>ea</span> <span class='ocrx_word' id='word_1_38' title='bbox 1039 563 1107 608; x_wconf 90' lang='lat' dir='ltr'>non</span> <span class='ocrx_word' id='word_1_39' title='bbox 1129 562 1202 606; x_wconf 89' lang='lat' dir='ltr'>esse</span> 
     </span>
    </p>
   </div>
   <div class='ocr_carea' id='block_1_3' title="bbox 140 629 1244 743">
    <p class='ocr_par' dir='ltr' id='par_1_3' title="bbox 140 629 1244 743">
     <span class='ocr_line' id='line_1_6' title="bbox 140 629 1244 743; baseline -0.005 -49"><span class='ocrx_word' id='word_1_40' title='bbox 140 651 273 743; x_wconf 74' lang='lat' dir='ltr'>17neira</span> <span class='ocrx_word' id='word_1_41' title='bbox 299 629 406 695; x_wconf 87' lang='lat' dir='ltr'>causis</span> <span class='ocrx_word' id='word_1_42' title='bbox 429 631 569 695; x_wconf 84' lang='lat' dir='ltr'>aeternis</span> <span class='ocrx_word' id='word_1_43' title='bbox 593 634 627 695; x_wconf 93' lang='lat' dir='ltr'>et</span> <span class='ocrx_word' id='word_1_44' title='bbox 649 653 669 695; x_wconf 89' lang='lat' dir='ltr'>a</span> <span class='ocrx_word' id='word_1_45' title='bbox 690 629 753 694; x_wconf 87' lang='lat' dir='ltr'>fati</span> <span class='ocrx_word' id='word_1_46' title='bbox 776 631 970 696; x_wconf 77' lang='lat' dir='ltr'>necessitate</span> <span class='ocrx_word' id='word_1_47' title='bbox 994 651 1064 696; x_wconf 87' lang='lat' dir='ltr'>esse</span> <span class='ocrx_word' id='word_1_48' title='bbox 1087 629 1202 694; x_wconf 89' lang='lat' dir='ltr'>libera.</span> <span class='ocrx_word' id='word_1_49' title='bbox 1231 648 1244 688; x_wconf 85' lang='lat' dir='ltr'>e</span> 
     </span>
    </p>
   </div>
   <div class='ocr_carea' id='block_1_4' title="bbox 135 757 170 806">
    <p class='ocr_par' dir='ltr' id='par_1_4' title="bbox 135 757 170 806">
     <span class='ocr_line' id='line_1_7' title="bbox 135 757 170 806; baseline 0 0"><span class='ocrx_word' id='word_1_50' title='bbox 135 757 170 806; x_wconf 80' lang='lat'>39</span> 
     </span>
    </p>
   </div>
   <div class='ocr_carea' id='block_1_5' title="bbox 136 1612 171 1660">
    <p class='ocr_par' dir='ltr' id='par_1_5' title="bbox 136 1612 171 1660">
     <span class='ocr_line' id='line_1_8' title="bbox 136 1612 171 1660; baseline 0 0"><span class='ocrx_word' id='word_1_51' title='bbox 136 1612 171 1660; x_wconf 85' lang='lat'>40</span> 
     </span>
    </p>
   </div>
   <div class='ocr_carea' id='block_1_6' title="bbox 136 3335 168 3382">
    <p class='ocr_par' dir='ltr' id='par_1_6' title="bbox 136 3335 168 3382">
     <span class='ocr_line' id='line_1_9' title="bbox 136 3335 168 3382; baseline 0 0"><span class='ocrx_word' id='word_1_52' title='bbox 136 3335 168 3382; x_wconf 82' lang='lat'>41</span> 
     </span>
    </p>
   </div>
   <div class='ocr_carea' id='block_1_7' title="bbox 186 717 1246 2923">
    <p class='ocr_par' dir='ltr' id='par_1_7' title="bbox 186 717 1246 2923">
     <span class='ocr_line' id='line_1_10' title="bbox 256 717 1203 802; baseline 0 -20"><span class='ocrx_word' id='word_1_53' title='bbox 256 717 306 783; x_wconf 85' lang='lat' dir='ltr'>Ac</span> <span class='ocrx_word' id='word_1_54' title='bbox 323 718 404 783; x_wconf 88' lang='lat' dir='ltr'>mihi</span> <span class='ocrx_word' id='word_1_55' title='bbox 423 718 553 802; x_wconf 87' lang='lat' dir='ltr'>quidem</span> <span class='ocrx_word' id='word_1_56' title='bbox 570 718 708 802; x_wconf 76' lang='lat' dir='ltr'>videtin,</span> <span class='ocrx_word' id='word_1_57' title='bbox 729 740 805 784; x_wconf 81' lang='lat' dir='ltr'>cuin</span> <span class='ocrx_word' id='word_1_58' title='bbox 822 719 905 784; x_wconf 86' lang='lat' dir='ltr'>duae</span> <span class='ocrx_word' id='word_1_59' title='bbox 922 719 1105 784; x_wconf 85' lang='lat' dir='ltr'>sententiae</span> <span class='ocrx_word' id='word_1_60' title='bbox 1122 717 1203 782; x_wconf 82' lang='lat' dir='ltr'>tuis-</span> 
     </span>
     <span class='ocr_line' id='line_1_11' title="bbox 190 806 1203 892; baseline -0.001 -21"><span class='ocrx_word' id='word_1_61' title='bbox 190 809 264 872; x_wconf 87' lang='lat' dir='ltr'>sent</span> <span class='ocrx_word' id='word_1_62' title='bbox 289 810 437 871; x_wconf 82' lang='lat' dir='ltr'>veterum</span> <span class='ocrx_word' id='word_1_63' title='bbox 464 806 750 892; x_wconf 89' lang='lat' dir='ltr'>philosophorum,</span> <span class='ocrx_word' id='word_1_64' title='bbox 776 829 842 872; x_wconf 88' lang='lat' dir='ltr'>una</span> <span class='ocrx_word' id='word_1_65' title='bbox 864 829 989 892; x_wconf 91' lang='lat' dir='ltr'>eorum,</span> <span class='ocrx_word' id='word_1_66' title='bbox 1017 806 1073 892; x_wconf 89' lang='lat' dir='ltr'>qui</span> <span class='ocrx_word' id='word_1_67' title='bbox 1095 827 1203 872; x_wconf 89' lang='lat' dir='ltr'>oense·</span> 
     </span>
     <span class='ocr_line' id='line_1_12' title="bbox 189 894 1201 978; baseline -0.001 -19"><span class='ocrx_word' id='word_1_68' title='bbox 189 898 263 959; x_wconf 88' lang='lat' dir='ltr'>rent</span> <span class='ocrx_word' id='word_1_69' title='bbox 285 895 395 960; x_wconf 89' lang='lat' dir='ltr'>omnia</span> <span class='ocrx_word' id='word_1_70' title='bbox 416 894 465 958; x_wconf 87' lang='lat' dir='ltr'>ita</span> <span class='ocrx_word' id='word_1_71' title='bbox 486 894 557 959; x_wconf 84' lang='lat' dir='ltr'>fato</span> <span class='ocrx_word' id='word_1_72' title='bbox 579 895 660 978; x_wconf 88' lang='lat' dir='ltr'>fieri,</span> <span class='ocrx_word' id='word_1_73' title='bbox 681 899 719 960; x_wconf 86' lang='lat' dir='ltr'>ut</span> <span class='ocrx_word' id='word_1_74' title='bbox 735 895 770 960; x_wconf 92' lang='lat' dir='ltr'>id</span> <span class='ocrx_word' id='word_1_75' title='bbox 786 895 892 960; x_wconf 85' lang='lat' dir='ltr'>fatum</span> <span class='ocrx_word' id='word_1_76' title='bbox 910 896 975 960; x_wconf 85' lang='lat' dir='ltr'>vim</span> <span class='ocrx_word' id='word_1_77' title='bbox 995 894 1201 960; x_wconf 75' lang='lat' dir='ltr'>necessitatis</span> 
     </span>
     <span class='ocr_line' id='line_1_13' title="bbox 190 981 1202 1068; baseline -0.001 -20"><span class='ocrx_word' id='word_1_78' title='bbox 190 983 340 1066; x_wconf 83' lang='lat' dir='ltr'>adferret,</span> <span class='ocrx_word' id='word_1_79' title='bbox 362 983 398 1047; x_wconf 93' lang='lat' dir='ltr'>in</span> <span class='ocrx_word' id='word_1_80' title='bbox 417 1004 482 1066; x_wconf 90' lang='lat' dir='ltr'>qua</span> <span class='ocrx_word' id='word_1_81' title='bbox 500 983 661 1048; x_wconf 89' lang='lat' dir='ltr'>sententia</span> <span class='ocrx_word' id='word_1_82' title='bbox 677 983 893 1068; x_wconf 82' lang='lat' dir='ltr'>Democritus,</span> <span class='ocrx_word' id='word_1_83' title='bbox 911 983 1106 1067; x_wconf 84' lang='lat' dir='ltr'>Heraclitus,</span> <span class='ocrx_word' id='word_1_84' title='bbox 1123 981 1202 1047; x_wconf 78' lang='lat' dir='ltr'>Em-</span> 
     </span>
     <span class='ocr_line' id='line_1_14' title="bbox 188 1069 1246 1157; baseline -0.001 -22"><span class='ocrx_word' id='word_1_85' title='bbox 188 1072 353 1156; x_wconf 86' lang='lat' dir='ltr'>pedocles,</span> <span class='ocrx_word' id='word_1_86' title='bbox 375 1069 572 1136; x_wconf 85' lang='lat' dir='ltr'>Aristoteles</span> <span class='ocrx_word' id='word_1_87' title='bbox 595 1071 671 1155; x_wconf 82' lang='lat' dir='ltr'>tuit,</span> <span class='ocrx_word' id='word_1_88' title='bbox 698 1070 804 1137; x_wconf 89' lang='lat' dir='ltr'>altera</span> <span class='ocrx_word' id='word_1_89' title='bbox 826 1093 951 1156; x_wconf 90' lang='lat' dir='ltr'>eorum,</span> <span class='ocrx_word' id='word_1_90' title='bbox 974 1073 1092 1157; x_wconf 89' lang='lat' dir='ltr'>quibus</span> <span class='ocrx_word' id='word_1_91' title='bbox 1114 1071 1203 1135; x_wconf 78' lang='lat' dir='ltr'>vide</span> <span class='ocrx_word' id='word_1_92' title='bbox 1218 1091 1246 1130; x_wconf 81' lang='grc' dir='ltr'>ιο</span> 
     </span>
     <span class='ocr_line' id='line_1_15' title="bbox 188 1159 1201 1242; baseline 0 -19"><span class='ocrx_word' id='word_1_93' title='bbox 188 1163 301 1223; x_wconf 85' lang='lat' dir='ltr'>rentur</span> <span class='ocrx_word' id='word_1_94' title='bbox 323 1159 393 1224; x_wconf 90' lang='lat' dir='ltr'>sine</span> <span class='ocrx_word' id='word_1_95' title='bbox 415 1159 482 1224; x_wconf 90' lang='lat' dir='ltr'>ullo</span> <span class='ocrx_word' id='word_1_96' title='bbox 505 1159 575 1224; x_wconf 83' lang='lat' dir='ltr'>fato</span> <span class='ocrx_word' id='word_1_97' title='bbox 595 1181 666 1224; x_wconf 88' lang='lat' dir='ltr'>esse</span> <span class='ocrx_word' id='word_1_98' title='bbox 685 1160 867 1225; x_wconf 88' lang='lat' dir='ltr'>animorum</span> <span class='ocrx_word' id='word_1_99' title='bbox 887 1164 995 1225; x_wconf 85' lang='lat' dir='ltr'>motus</span> <span class='ocrx_word' id='word_1_100' title='bbox 1013 1159 1201 1242; x_wconf 83' lang='lat' dir='ltr'>voluntarii,</span> 
     </span>
     <span class='ocr_line' id='line_1_16' title="bbox 191 1245 1201 1332; baseline -0.002 -19"><span class='ocrx_word' id='word_1_101' title='bbox 191 1245 393 1332; x_wconf 77' lang='lat' dir='ltr'>Chrysippus</span> <span class='ocrx_word' id='word_1_102' title='bbox 419 1251 588 1332; x_wconf 86' lang='lat' dir='ltr'>tamquam</span> <span class='ocrx_word' id='word_1_103' title='bbox 617 1248 740 1313; x_wconf 85' lang='lat' dir='ltr'>arbiter</span> <span class='ocrx_word' id='word_1_104' title='bbox 767 1249 960 1314; x_wconf 88' lang='lat' dir='ltr'>honorarius</span> <span class='ocrx_word' id='word_1_105' title='bbox 987 1249 1129 1313; x_wconf 90' lang='lat' dir='ltr'>medium</span> <span class='ocrx_word' id='word_1_106' title='bbox 1156 1247 1201 1312; x_wconf 84' lang='lat' dir='ltr'>fe</span> 
     </span>
     <span class='ocr_line' id='line_1_17' title="bbox 189 1336 1203 1422; baseline 0 -22"><span class='ocrx_word' id='word_1_107' title='bbox 189 1336 254 1401; x_wconf 89' lang='lat' dir='ltr'>rire</span> <span class='ocrx_word' id='word_1_108' title='bbox 283 1336 438 1418; x_wconf 87' lang='lat' dir='ltr'>voluisse,</span> <span class='ocrx_word' id='word_1_109' title='bbox 466 1337 523 1401; x_wconf 88' lang='lat' dir='ltr'>sed</span> <span class='ocrx_word' id='word_1_110' title='bbox 551 1337 751 1422; x_wconf 85' lang='lat' dir='ltr'>adplicatse</span> <span class='ocrx_word' id='word_1_111' title='bbox 775 1337 816 1401; x_wconf 89' lang='lat' dir='ltr'>ad</span> <span class='ocrx_word' id='word_1_112' title='bbox 838 1359 894 1402; x_wconf 80' lang='lat' dir='ltr'>eos</span> <span class='ocrx_word' id='word_1_113' title='bbox 917 1337 1042 1422; x_wconf 87' lang='lat' dir='ltr'>potius,</span> <span class='ocrx_word' id='word_1_114' title='bbox 1070 1336 1127 1421; x_wconf 92' lang='lat' dir='ltr'>qui</span> <span class='ocrx_word' id='word_1_115' title='bbox 1146 1357 1203 1400; x_wconf 89' lang='lat' dir='ltr'>ne-</span> 
     </span>
     <span class='ocr_line' id='line_1_18' title="bbox 190 1424 1203 1508; baseline -0.002 -18"><span class='ocrx_word' id='word_1_116' title='bbox 190 1424 342 1490; x_wconf 86' lang='lat' dir='ltr'>cessitate</span> <span class='ocrx_word' id='word_1_117' title='bbox 370 1428 479 1490; x_wconf 88' lang='lat' dir='ltr'>motus</span> <span class='ocrx_word' id='word_1_118' title='bbox 503 1425 686 1490; x_wconf 90' lang='lat' dir='ltr'>animorum</span> <span class='ocrx_word' id='word_1_119' title='bbox 709 1425 865 1491; x_wconf 88' lang='lat' dir='ltr'>liberatos</span> <span class='ocrx_word' id='word_1_120' title='bbox 888 1425 1017 1508; x_wconf 73' lang='lat' dir='ltr'>volunt,</span> <span class='ocrx_word' id='word_1_121' title='bbox 1045 1424 1122 1488; x_wconf 84' lang='lat' dir='ltr'>duin</span> <span class='ocrx_word' id='word_1_122' title='bbox 1144 1447 1203 1488; x_wconf 91' lang='lat' dir='ltr'>au-</span> 
     </span>
     <span class='ocr_line' id='line_1_19' title="bbox 189 1512 1246 1597; baseline -0.007 -20"><span class='ocrx_word' id='word_1_123' title='bbox 189 1517 257 1577; x_wconf 88' lang='lat' dir='ltr'>tem</span> <span class='ocrx_word' id='word_1_124' title='bbox 283 1512 392 1578; x_wconf 82' lang='lat' dir='ltr'>verbis</span> <span class='ocrx_word' id='word_1_125' title='bbox 420 1513 525 1578; x_wconf 86' lang='lat' dir='ltr'>utitur</span> <span class='ocrx_word' id='word_1_126' title='bbox 553 1513 632 1597; x_wconf 87' lang='lat' dir='ltr'>suis,</span> <span class='ocrx_word' id='word_1_127' title='bbox 660 1513 823 1578; x_wconf 90' lang='lat' dir='ltr'>delabitur</span> <span class='ocrx_word' id='word_1_128' title='bbox 846 1513 881 1578; x_wconf 91' lang='lat' dir='ltr'>in</span> <span class='ocrx_word' id='word_1_129' title='bbox 902 1535 958 1578; x_wconf 89' lang='lat' dir='ltr'>eas</span> <span class='ocrx_word' id='word_1_130' title='bbox 981 1513 1204 1596; x_wconf 85' lang='lat' dir='ltr'>difficultates,</span> <span class='ocrx_word' id='word_1_131' title='bbox 1220 1532 1246 1571; x_wconf 71' lang='grc' dir='ltr'>ιι,</span> 
     </span>
     <span class='ocr_line' id='line_1_20' title="bbox 190 1600 1204 1686; baseline -0.002 -20"><span class='ocrx_word' id='word_1_132' title='bbox 190 1605 228 1666; x_wconf 91' lang='lat' dir='ltr'>ut</span> <span class='ocrx_word' id='word_1_133' title='bbox 249 1600 478 1666; x_wconf 88' lang='lat' dir='ltr'>necessitatem</span> <span class='ocrx_word' id='word_1_134' title='bbox 500 1601 562 1665; x_wconf 86' lang='lat' dir='ltr'>fati</span> <span class='ocrx_word' id='word_1_135' title='bbox 585 1602 753 1667; x_wconf 86' lang='lat' dir='ltr'>confirmet</span> <span class='ocrx_word' id='word_1_136' title='bbox 775 1601 906 1666; x_wconf 87' lang='lat' dir='ltr'>invitus.</span> <span class='ocrx_word' id='word_1_137' title='bbox 945 1601 1055 1686; x_wconf 84' lang='lat' dir='ltr'>Atque</span> <span class='ocrx_word' id='word_1_138' title='bbox 1077 1601 1150 1685; x_wconf 92' lang='lat' dir='ltr'>hoc,</span> <span class='ocrx_word' id='word_1_139' title='bbox 1174 1601 1204 1665; x_wconf 88' lang='lat' dir='ltr'>si</span> 
     </span>
     <span class='ocr_line' id='line_1_21' title="bbox 189 1689 1205 1775; baseline 0.002 -23"><span class='ocrx_word' id='word_1_140' title='bbox 189 1689 304 1774; x_wconf 89' lang='lat' dir='ltr'>placet,</span> <span class='ocrx_word' id='word_1_141' title='bbox 323 1690 419 1773; x_wconf 90' lang='lat' dir='ltr'>quale</span> <span class='ocrx_word' id='word_1_142' title='bbox 438 1689 482 1754; x_wconf 90' lang='lat' dir='ltr'>sit</span> <span class='ocrx_word' id='word_1_143' title='bbox 495 1689 662 1754; x_wconf 89' lang='lat' dir='ltr'>videamus</span> <span class='ocrx_word' id='word_1_144' title='bbox 676 1691 710 1754; x_wconf 93' lang='lat' dir='ltr'>in</span> <span class='ocrx_word' id='word_1_145' title='bbox 723 1689 979 1774; x_wconf 88' lang='lat' dir='ltr'>adsensionibus,</span> <span class='ocrx_word' id='word_1_146' title='bbox 997 1711 1080 1774; x_wconf 87' lang='lat' dir='ltr'>quas</span> <span class='ocrx_word' id='word_1_147' title='bbox 1093 1689 1205 1775; x_wconf 90' lang='lat' dir='ltr'>prima</span> 
     </span>
     <span class='ocr_line' id='line_1_22' title="bbox 189 1777 1205 1862; baseline 0 -21"><span class='ocrx_word' id='word_1_148' title='bbox 189 1777 337 1842; x_wconf 88' lang='lat' dir='ltr'>oratione</span> <span class='ocrx_word' id='word_1_149' title='bbox 355 1778 504 1843; x_wconf 82' lang='lat' dir='ltr'>tractavi.</span> <span class='ocrx_word' id='word_1_150' title='bbox 535 1777 602 1844; x_wconf 85' lang='lat' dir='ltr'>Eas</span> <span class='ocrx_word' id='word_1_151' title='bbox 621 1777 707 1844; x_wconf 83' lang='lat' dir='ltr'>enini</span> <span class='ocrx_word' id='word_1_152' title='bbox 725 1781 851 1843; x_wconf 83' lang='lat' dir='ltr'>veteres</span> <span class='ocrx_word' id='word_1_153' title='bbox 869 1778 930 1862; x_wconf 85' lang='lat' dir='ltr'>illi,</span> <span class='ocrx_word' id='word_1_154' title='bbox 954 1777 1072 1862; x_wconf 87' lang='lat' dir='ltr'>quibus</span> <span class='ocrx_word' id='word_1_155' title='bbox 1090 1777 1205 1842; x_wconf 86' lang='lat' dir='ltr'>omnia</span> 
     </span>
     <span class='ocr_line' id='line_1_23' title="bbox 188 1865 1204 1950; baseline 0 -21"><span class='ocrx_word' id='word_1_156' title='bbox 188 1865 258 1931; x_wconf 85' lang='lat' dir='ltr'>fato</span> <span class='ocrx_word' id='word_1_157' title='bbox 281 1865 352 1930; x_wconf 86' lang='lat' dir='ltr'>fieri</span> <span class='ocrx_word' id='word_1_158' title='bbox 374 1866 582 1950; x_wconf 79' lang='lat' dir='ltr'>videbantur,</span> <span class='ocrx_word' id='word_1_159' title='bbox 596 1867 637 1930; x_wconf 86' lang='lat' dir='ltr'>·vi</span> <span class='ocrx_word' id='word_1_160' title='bbox 660 1865 745 1932; x_wconf 89' lang='lat' dir='ltr'>effici</span> <span class='ocrx_word' id='word_1_161' title='bbox 767 1870 801 1930; x_wconf 90' lang='lat' dir='ltr'>et</span> <span class='ocrx_word' id='word_1_162' title='bbox 822 1865 1018 1931; x_wconf 85' lang='lat' dir='ltr'>necessitate</span> <span class='ocrx_word' id='word_1_163' title='bbox 1040 1866 1204 1931; x_wconf 88' lang='lat' dir='ltr'>dicebant.</span> 
     </span>
     <span class='ocr_line' id='line_1_24' title="bbox 189 1951 1245 2036; baseline 0.001 -19"><span class='ocrx_word' id='word_1_164' title='bbox 189 1951 252 2028; x_wconf 84' lang='lat' dir='ltr'>Qui</span> <span class='ocrx_word' id='word_1_165' title='bbox 274 1957 385 2018; x_wconf 89' lang='lat' dir='ltr'>autem</span> <span class='ocrx_word' id='word_1_166' title='bbox 408 1955 449 2019; x_wconf 89' lang='lat' dir='ltr'>ab</span> <span class='ocrx_word' id='word_1_167' title='bbox 473 1955 513 2018; x_wconf 85' lang='lat' dir='ltr'>iis</span> <span class='ocrx_word' id='word_1_168' title='bbox 538 1955 783 2036; x_wconf 87' lang='lat' dir='ltr'>dissentiebant,</span> <span class='ocrx_word' id='word_1_169' title='bbox 805 1953 875 2020; x_wconf 88' lang='lat' dir='ltr'>fato</span> <span class='ocrx_word' id='word_1_170' title='bbox 893 1954 1102 2019; x_wconf 86' lang='lat' dir='ltr'>adsensiones</span> <span class='ocrx_word' id='word_1_171' title='bbox 1121 1953 1202 2018; x_wconf 91' lang='lat' dir='ltr'>libe·</span> <span class='ocrx_word' id='word_1_172' title='bbox 1219 1973 1245 2011; x_wconf 76' lang='lat'>20</span> 
     </span>
     <span class='ocr_line' id='line_1_25' title="bbox 189 2041 1204 2128; baseline 0 -22"><span class='ocrx_word' id='word_1_173' title='bbox 189 2043 307 2122; x_wconf 86' lang='lat' dir='ltr'>rabant</span> <span class='ocrx_word' id='word_1_174' title='bbox 324 2043 554 2128; x_wconf 84' lang='lat' dir='ltr'>negabantque</span> <span class='ocrx_word' id='word_1_175' title='bbox 571 2042 642 2107; x_wconf 84' lang='lat' dir='ltr'>fato</span> <span class='ocrx_word' id='word_1_176' title='bbox 661 2041 908 2108; x_wconf 87' lang='lat' dir='ltr'>adsensionibus</span> <span class='ocrx_word' id='word_1_177' title='bbox 927 2042 1075 2108; x_wconf 83' lang='lat' dir='ltr'>adhibito</span> <span class='ocrx_word' id='word_1_178' title='bbox 1093 2063 1204 2106; x_wconf 85' lang='lat' dir='ltr'>neces-</span> 
     </span>
     <span class='ocr_line' id='line_1_26' title="bbox 189 2130 1203 2216; baseline -0.002 -21"><span class='ocrx_word' id='word_1_179' title='bbox 189 2131 322 2196; x_wconf 87' lang='lat' dir='ltr'>sitatem</span> <span class='ocrx_word' id='word_1_180' title='bbox 343 2132 385 2196; x_wconf 82' lang='lat' dir='ltr'>ab</span> <span class='ocrx_word' id='word_1_181' title='bbox 409 2131 461 2196; x_wconf 89' lang='lat' dir='ltr'>his</span> <span class='ocrx_word' id='word_1_182' title='bbox 484 2153 579 2216; x_wconf 86' lang='lat' dir='ltr'>posse</span> <span class='ocrx_word' id='word_1_183' title='bbox 602 2131 775 2214; x_wconf 73' lang='lat' dir='ltr'>removeri,</span> <span class='ocrx_word' id='word_1_184' title='bbox 802 2130 890 2214; x_wconf 90' lang='lat' dir='ltr'>iique</span> <span class='ocrx_word' id='word_1_185' title='bbox 912 2131 961 2196; x_wconf 88' lang='lat' dir='ltr'>ita</span> <span class='ocrx_word' id='word_1_186' title='bbox 983 2131 1203 2196; x_wconf 87' lang='lat' dir='ltr'>disserebant:</span> 
     </span>
     <span class='ocr_line' id='line_1_27' title="bbox 190 2216 1204 2303; baseline -0.002 -19"><span class='ocrx_word' id='word_1_187' title='bbox 190 2216 245 2284; x_wconf 78' lang='lat' dir='ltr'>‘si</span> <span class='ocrx_word' id='word_1_188' title='bbox 272 2219 399 2285; x_wconf 90' lang='lat' dir='ltr'>omnia</span> <span class='ocrx_word' id='word_1_189' title='bbox 424 2220 508 2285; x_wconf 86' lang='lat' dir='ltr'>fato</span> <span class='ocrx_word' id='word_1_190' title='bbox 535 2219 653 2303; x_wconf 88' lang='lat' dir='ltr'>fiunt,</span> <span class='ocrx_word' id='word_1_191' title='bbox 682 2219 808 2284; x_wconf 87' lang='lat' dir='ltr'>omnia</span> <span class='ocrx_word' id='word_1_192' title='bbox 829 2219 934 2284; x_wconf 81' lang='lat' dir='ltr'>fiunt</span> <span class='ocrx_word' id='word_1_193' title='bbox 956 2241 1073 2285; x_wconf 86' lang='lat' dir='ltr'>causa</span> <span class='ocrx_word' id='word_1_194' title='bbox 1095 2223 1204 2283; x_wconf 89' lang='lat' dir='ltr'>ante-</span> 
     </span>
     <span class='ocr_line' id='line_1_28' title="bbox 187 2307 1204 2393; baseline -0.003 -20"><span class='ocrx_word' id='word_1_195' title='bbox 187 2307 360 2393; x_wconf 91' lang='lat' dir='ltr'>cedente,</span> <span class='ocrx_word' id='word_1_196' title='bbox 390 2311 441 2392; x_wconf 91' lang='lat' dir='ltr'>et,</span> <span class='ocrx_word' id='word_1_197' title='bbox 471 2307 504 2372; x_wconf 89' lang='lat' dir='ltr'>si</span> <span class='ocrx_word' id='word_1_198' title='bbox 526 2307 740 2392; x_wconf 87' lang='lat' dir='ltr'>adpetitus,</span> <span class='ocrx_word' id='word_1_199' title='bbox 769 2307 843 2371; x_wconf 87' lang='lat' dir='ltr'>illa</span> <span class='ocrx_word' id='word_1_200' title='bbox 867 2307 996 2392; x_wconf 89' lang='lat' dir='ltr'>etiam,</span> <span class='ocrx_word' id='word_1_201' title='bbox 1020 2329 1116 2392; x_wconf 85' lang='lat' dir='ltr'>quae</span> <span class='ocrx_word' id='word_1_202' title='bbox 1139 2307 1204 2371; x_wconf 88' lang='lat' dir='ltr'>ad-</span> 
     </span>
     <span class='ocr_line' id='line_1_29' title="bbox 188 2395 1243 2482; baseline -0.002 -21"><span class='ocrx_word' id='word_1_203' title='bbox 188 2397 354 2482; x_wconf 86' lang='lat' dir='ltr'>petitum</span> <span class='ocrx_word' id='word_1_204' title='bbox 373 2398 602 2482; x_wconf 89' lang='lat' dir='ltr'>sequuntur,</span> <span class='ocrx_word' id='word_1_205' title='bbox 621 2416 712 2481; x_wconf 82' lang='lat' dir='ltr'>ergo</span> <span class='ocrx_word' id='word_1_206' title='bbox 729 2395 847 2460; x_wconf 89' lang='lat' dir='ltr'>etiam</span> <span class='ocrx_word' id='word_1_207' title='bbox 863 2395 1130 2480; x_wconf 80' lang='lat' dir='ltr'>adsensiones3</span> <span class='ocrx_word' id='word_1_208' title='bbox 1149 2398 1204 2479; x_wconf 93' lang='lat' dir='ltr'>at,</span> <span class='ocrx_word' id='word_1_209' title='bbox 1218 2412 1243 2452; x_wconf 79' lang='lat'>2⁵</span> 
     </span>
     <span class='ocr_line' id='line_1_30' title="bbox 188 2483 1204 2570; baseline -0.002 -20"><span class='ocrx_word' id='word_1_210' title='bbox 188 2485 222 2550; x_wconf 92' lang='lat' dir='ltr'>si</span> <span class='ocrx_word' id='word_1_211' title='bbox 240 2506 355 2551; x_wconf 87' lang='lat' dir='ltr'>causa</span> <span class='ocrx_word' id='word_1_212' title='bbox 372 2484 572 2570; x_wconf 88' lang='lat' dir='ltr'>adpetitus</span> <span class='ocrx_word' id='word_1_213' title='bbox 590 2505 665 2549; x_wconf 93' lang='lat' dir='ltr'>non</span> <span class='ocrx_word' id='word_1_214' title='bbox 683 2487 743 2548; x_wconf 89' lang='lat' dir='ltr'>est</span> <span class='ocrx_word' id='word_1_215' title='bbox 760 2483 839 2549; x_wconf 89' lang='lat' dir='ltr'>sita</span> <span class='ocrx_word' id='word_1_216' title='bbox 856 2483 895 2548; x_wconf 90' lang='lat' dir='ltr'>in</span> <span class='ocrx_word' id='word_1_217' title='bbox 912 2484 1040 2568; x_wconf 87' lang='lat' dir='ltr'>nobis,</span> <span class='ocrx_word' id='word_1_218' title='bbox 1057 2503 1104 2548; x_wconf 90' lang='lat' dir='ltr'>ne</span> <span class='ocrx_word' id='word_1_219' title='bbox 1117 2484 1204 2568; x_wconf 87' lang='lat' dir='ltr'>ipse</span> 
     </span>
     <span class='ocr_line' id='line_1_31' title="bbox 188 2571 1205 2659; baseline -0.002 -21"><span class='ocrx_word' id='word_1_220' title='bbox 188 2573 341 2658; x_wconf 88' lang='lat' dir='ltr'>quidem</span> <span class='ocrx_word' id='word_1_221' title='bbox 358 2573 558 2659; x_wconf 89' lang='lat' dir='ltr'>adpetitus</span> <span class='ocrx_word' id='word_1_222' title='bbox 578 2575 638 2636; x_wconf 92' lang='lat' dir='ltr'>est</span> <span class='ocrx_word' id='word_1_223' title='bbox 655 2572 694 2635; x_wconf 90' lang='lat' dir='ltr'>in</span> <span class='ocrx_word' id='word_1_224' title='bbox 712 2575 848 2638; x_wconf 88' lang='lat' dir='ltr'>nostra</span> <span class='ocrx_word' id='word_1_225' title='bbox 864 2575 1080 2657; x_wconf 80' lang='lat' dir='ltr'>potestate3</span> <span class='ocrx_word' id='word_1_226' title='bbox 1100 2571 1205 2656; x_wconf 87' lang='lat' dir='ltr'>quod</span> 
     </span>
     <span class='ocr_line' id='line_1_32' title="bbox 188 2659 1204 2746; baseline -0.002 -20"><span class='ocrx_word' id='word_1_227' title='bbox 188 2661 305 2726; x_wconf 71' lang='lat' dir='ltr'>si&#39;ita</span> <span class='ocrx_word' id='word_1_228' title='bbox 333 2665 405 2746; x_wconf 89' lang='lat' dir='ltr'>est,</span> <span class='ocrx_word' id='word_1_229' title='bbox 431 2682 477 2725; x_wconf 92' lang='lat' dir='ltr'>ne</span> <span class='ocrx_word' id='word_1_230' title='bbox 503 2659 576 2724; x_wconf 90' lang='lat' dir='ltr'>illa</span> <span class='ocrx_word' id='word_1_231' title='bbox 600 2660 765 2744; x_wconf 87' lang='lat' dir='ltr'>quidem,</span> <span class='ocrx_word' id='word_1_232' title='bbox 793 2682 889 2744; x_wconf 87' lang='lat' dir='ltr'>quae</span> <span class='ocrx_word' id='word_1_233' title='bbox 913 2659 1092 2746; x_wconf 86' lang='lat' dir='ltr'>adpetitu</span> <span class='ocrx_word' id='word_1_234' title='bbox 1114 2659 1204 2724; x_wconf 82' lang='lat' dir='ltr'>effi·</span> 
     </span>
     <span class='ocr_line' id='line_1_33' title="bbox 186 2747 1203 2834; baseline -0.003 -19"><span class='ocrx_word' id='word_1_235' title='bbox 186 2748 357 2834; x_wconf 90' lang='lat' dir='ltr'>ciuntur,</span> <span class='ocrx_word' id='word_1_236' title='bbox 390 2752 480 2814; x_wconf 88' lang='lat' dir='ltr'>sunt</span> <span class='ocrx_word' id='word_1_237' title='bbox 511 2748 589 2812; x_wconf 87' lang='lat' dir='ltr'>sita</span> <span class='ocrx_word' id='word_1_238' title='bbox 619 2749 660 2812; x_wconf 92' lang='lat' dir='ltr'>in</span> <span class='ocrx_word' id='word_1_239' title='bbox 690 2749 818 2832; x_wconf 83' lang='lat' dir='ltr'>nobis3</span> <span class='ocrx_word' id='word_1_240' title='bbox 849 2770 925 2814; x_wconf 92' lang='lat' dir='ltr'>non</span> <span class='ocrx_word' id='word_1_241' title='bbox 955 2752 1046 2813; x_wconf 90' lang='lat' dir='ltr'>sunt</span> <span class='ocrx_word' id='word_1_242' title='bbox 1076 2747 1203 2833; x_wconf 82' lang='lat' dir='ltr'>igitur</span> 
     </span>
     <span class='ocr_line' id='line_1_34' title="bbox 187 2835 1243 2923; baseline -0.002 -21"><span class='ocrx_word' id='word_1_243' title='bbox 187 2859 309 2923; x_wconf 90' lang='lat' dir='ltr'>neque</span> <span class='ocrx_word' id='word_1_244' title='bbox 346 2835 597 2902; x_wconf 89' lang='lat' dir='ltr'>adsensiones</span> <span class='ocrx_word' id='word_1_245' title='bbox 633 2857 755 2920; x_wconf 91' lang='lat' dir='ltr'>neque</span> <span class='ocrx_word' id='word_1_246' title='bbox 786 2836 963 2901; x_wconf 87' lang='lat' dir='ltr'>actiones</span> <span class='ocrx_word' id='word_1_247' title='bbox 995 2837 1035 2901; x_wconf 93' lang='lat' dir='ltr'>in</span> <span class='ocrx_word' id='word_1_248' title='bbox 1065 2841 1243 2901; x_wconf 73' lang='lat' dir='ltr'>nostran</span> 
     </span>
    </p>
   </div>
   <div class='ocr_carea' id='block_1_8' title="bbox 187 2924 1289 3012">
    <p class='ocr_par' dir='ltr' id='par_1_8' title="bbox 187 2924 1289 3012">
     <span class='ocr_line' id='line_1_35' title="bbox 187 2924 1289 3012; baseline -0.001 -21"><span class='ocrx_word' id='word_1_249' title='bbox 187 2929 397 3012; x_wconf 73' lang='lat' dir='ltr'>potestate,</span> <span class='ocrx_word' id='word_1_250' title='bbox 441 2924 497 2989; x_wconf 83' lang='lat' dir='ltr'>Ex</span> <span class='ocrx_word' id='word_1_251' title='bbox 528 2944 600 3009; x_wconf 91' lang='lat' dir='ltr'>quo</span> <span class='ocrx_word' id='word_1_252' title='bbox 629 2924 820 3008; x_wconf 82' lang='lat' dir='ltr'>efficitur,</span> <span class='ocrx_word' id='word_1_253' title='bbox 849 2928 891 2988; x_wconf 90' lang='lat' dir='ltr'>ut</span> <span class='ocrx_word' id='word_1_254' title='bbox 916 2947 985 2990; x_wconf 89' lang='lat' dir='ltr'>nec</span> <span class='ocrx_word' id='word_1_255' title='bbox 1008 2924 1203 2991; x_wconf 86' lang='lat' dir='ltr'>laudatio·</span> <span class='ocrx_word' id='word_1_256' title='bbox 1288 2951 1289 2976; x_wconf 67' lang='lat'><strong>÷</strong></span> 
     </span>
    </p>
   </div>
   <div class='ocr_carea' id='block_1_9' title="bbox 186 3013 1289 3099">
    <p class='ocr_par' dir='ltr' id='par_1_9' title="bbox 186 3013 1289 3099">
     <span class='ocr_line' id='line_1_36' title="bbox 186 3013 1289 3099; baseline -0.001 -21"><span class='ocrx_word' id='word_1_257' title='bbox 186 3034 254 3078; x_wconf 86' lang='lat' dir='ltr'>nes</span> <span class='ocrx_word' id='word_1_258' title='bbox 277 3014 406 3079; x_wconf 87' lang='lat' dir='ltr'>iustae</span> <span class='ocrx_word' id='word_1_259' title='bbox 429 3013 510 3077; x_wconf 91' lang='lat' dir='ltr'>sint</span> <span class='ocrx_word' id='word_1_260' title='bbox 530 3035 598 3078; x_wconf 92' lang='lat' dir='ltr'>nec</span> <span class='ocrx_word' id='word_1_261' title='bbox 614 3013 929 3099; x_wconf 85' lang='lat' dir='ltr'>vituperationes</span> <span class='ocrx_word' id='word_1_262' title='bbox 947 3035 1016 3080; x_wconf 88' lang='lat' dir='ltr'>nec</span> <span class='ocrx_word' id='word_1_263' title='bbox 1034 3013 1202 3078; x_wconf 87' lang='lat' dir='ltr'>honores</span> <span class='ocrx_word' id='word_1_264' title='bbox 1288 3025 1289 3036; x_wconf 62' lang='lat'>¹</span> 
     </span>
    </p>
   </div>
   <div class='ocr_carea' id='block_1_10' title="bbox 187 3099 1202 3275">
    <p class='ocr_par' dir='ltr' id='par_1_10' title="bbox 187 3099 1202 3275">
     <span class='ocr_line' id='line_1_37' title="bbox 187 3099 1202 3188; baseline -0.001 -22"><span class='ocrx_word' id='word_1_265' title='bbox 187 3123 255 3166; x_wconf 91' lang='lat' dir='ltr'>nec</span> <span class='ocrx_word' id='word_1_266' title='bbox 279 3099 499 3188; x_wconf 86' lang='lat' dir='ltr'>supplicia&#39;.</span> <span class='ocrx_word' id='word_1_267' title='bbox 530 3100 622 3177; x_wconf 82' lang='lat' dir='ltr'>Quod</span> <span class='ocrx_word' id='word_1_268' title='bbox 645 3123 718 3166; x_wconf 88' lang='lat' dir='ltr'>cum</span> <span class='ocrx_word' id='word_1_269' title='bbox 736 3101 893 3166; x_wconf 85' lang='lat' dir='ltr'>vitiosum</span> <span class='ocrx_word' id='word_1_270' title='bbox 911 3100 964 3186; x_wconf 88' lang='lat' dir='ltr'>sit,</span> <span class='ocrx_word' id='word_1_271' title='bbox 986 3101 1202 3186; x_wconf 80' lang='lat' dir='ltr'>probabiliter</span> 
     </span>
     <span class='ocr_line' id='line_1_38' title="bbox 188 3189 1197 3275; baseline -0.001 -21"><span class='ocrx_word' id='word_1_272' title='bbox 188 3190 336 3255; x_wconf 87' lang='lat' dir='ltr'>concludi</span> <span class='ocrx_word' id='word_1_273' title='bbox 353 3193 472 3274; x_wconf 87' lang='lat' dir='ltr'>putant</span> <span class='ocrx_word' id='word_1_274' title='bbox 485 3211 552 3255; x_wconf 93' lang='lat' dir='ltr'>non</span> <span class='ocrx_word' id='word_1_275' title='bbox 564 3189 676 3254; x_wconf 88' lang='lat' dir='ltr'>omnia</span> <span class='ocrx_word' id='word_1_276' title='bbox 689 3189 759 3255; x_wconf 83' lang='lat' dir='ltr'>fato</span> <span class='ocrx_word' id='word_1_277' title='bbox 774 3190 853 3274; x_wconf 88' lang='lat' dir='ltr'>fieri,</span> <span class='ocrx_word' id='word_1_278' title='bbox 873 3211 1093 3275; x_wconf 88' lang='lat' dir='ltr'>quaecumque</span> <span class='ocrx_word' id='word_1_279' title='bbox 1107 3190 1197 3254; x_wconf 86' lang='lat' dir='ltr'>fiant.</span> 
     </span>
    </p>
   </div>
   <div class='ocr_carea' id='block_1_11' title="bbox 137 3256 1242 3363">
    <p class='ocr_par' dir='ltr' id='par_1_11' title="bbox 137 3256 1242 3363">
     <span class='ocr_line' id='line_1_39' title="bbox 137 3256 1242 3363; baseline -0.001 -20"><span class='ocrx_word' id='word_1_280' title='bbox 137 3256 178 3320; x_wconf 76' lang='lat'>18</span> <span class='ocrx_word' id='word_1_281' title='bbox 255 3277 456 3363; x_wconf 82' lang='lat' dir='ltr'>Chrysippus</span> <span class='ocrx_word' id='word_1_282' title='bbox 480 3281 591 3344; x_wconf 83' lang='lat' dir='ltr'>autern</span> <span class='ocrx_word' id='word_1_283' title='bbox 612 3299 687 3343; x_wconf 83' lang='lat' dir='ltr'>cuni</span> <span class='ocrx_word' id='word_1_284' title='bbox 709 3281 743 3342; x_wconf 93' lang='lat' dir='ltr'>et</span> <span class='ocrx_word' id='word_1_285' title='bbox 765 3277 993 3343; x_wconf 87' lang='lat' dir='ltr'>necessitatem</span> <span class='ocrx_word' id='word_1_286' title='bbox 1010 3277 1203 3362; x_wconf 87' lang='lat' dir='ltr'>inprobaret</span> <span class='ocrx_word' id='word_1_287' title='bbox 1217 3293 1242 3334; x_wconf 70' lang='lat'>³⁵</span> 
     </span>
    </p>
   </div>
   <div class='ocr_carea' id='block_1_12' title="bbox 188 3365 1204 3541">
    <p class='ocr_par' dir='ltr' id='par_1_12' title="bbox 188 3365 1204 3541">
     <span class='ocr_line' id='line_1_40' title="bbox 189 3365 1203 3451; baseline 0.001 -21"><span class='ocrx_word' id='word_1_288' title='bbox 189 3368 222 3430; x_wconf 93' lang='lat' dir='ltr'>et</span> <span class='ocrx_word' id='word_1_289' title='bbox 247 3365 331 3430; x_wconf 91' lang='lat' dir='ltr'>nihil</span> <span class='ocrx_word' id='word_1_290' title='bbox 354 3367 455 3431; x_wconf 85' lang='lat' dir='ltr'>vellet</span> <span class='ocrx_word' id='word_1_291' title='bbox 479 3367 548 3431; x_wconf 89' lang='lat' dir='ltr'>sine</span> <span class='ocrx_word' id='word_1_292' title='bbox 570 3365 767 3451; x_wconf 88' lang='lat' dir='ltr'>praepositis</span> <span class='ocrx_word' id='word_1_293' title='bbox 790 3366 898 3431; x_wconf 90' lang='lat' dir='ltr'>causis</span> <span class='ocrx_word' id='word_1_294' title='bbox 921 3366 1064 3450; x_wconf 76' lang='lat' dir='ltr'>evenire,</span> <span class='ocrx_word' id='word_1_295' title='bbox 1093 3388 1203 3431; x_wconf 77' lang='lat' dir='ltr'>oausa-</span> 
     </span>
     <span class='ocr_line' id='line_1_41' title="bbox 188 3453 1204 3541; baseline 0.001 -23"><span class='ocrx_word' id='word_1_296' title='bbox 188 3475 260 3518; x_wconf 82' lang='lat' dir='ltr'>rum</span> <span class='ocrx_word' id='word_1_297' title='bbox 284 3474 404 3539; x_wconf 87' lang='lat' dir='ltr'>genera</span> <span class='ocrx_word' id='word_1_298' title='bbox 426 3453 611 3541; x_wconf 82' lang='lat' dir='ltr'>distinguit,</span> <span class='ocrx_word' id='word_1_299' title='bbox 638 3458 677 3518; x_wconf 90' lang='lat' dir='ltr'>ut</span> <span class='ocrx_word' id='word_1_300' title='bbox 699 3457 733 3518; x_wconf 91' lang='lat' dir='ltr'>et</span> <span class='ocrx_word' id='word_1_301' title='bbox 755 3454 985 3519; x_wconf 88' lang='lat' dir='ltr'>necessitatem</span> <span class='ocrx_word' id='word_1_302' title='bbox 1009 3453 1146 3540; x_wconf 79' lang='lat' dir='ltr'>effugiat</span> <span class='ocrx_word' id='word_1_303' title='bbox 1167 3459 1204 3519; x_wconf 85' lang='lat' dir='ltr'>et</span> 
     </span>
    </p>
   </div>
   <div class='ocr_carea' id='block_1_13' title="bbox 0 0 1302 3882">
    <p class='ocr_par' dir='ltr' id='par_1_13' title="bbox 0 0 1302 3882">
     <span class='ocr_line' id='line_1_42' title="bbox 0 0 1302 3882; baseline 0 1"><span class='ocrx_word' id='word_1_304' title='bbox 0 0 1302 3882; x_wconf 95' lang='lat' dir='ltr'> </span> 
     </span>
    </p>
   </div>
  </div>
 </body>
</html>
