2630 3890
346 120 414 177 ΜΒ.
433 122 454 178 1.
475 121 551 178 CAP.
572 127 685 178 ar-ao.
704 127 719 188 s
738 127 851 177 49-54.
1038 121 1102 186 165

155 266 219 330 Est
243 266 330 350 apud
351 266 525 331 Platonem
548 263 712 350 Socrates,
735 287 808 331 cum
832 270 918 330 esset
940 266 976 329 in
997 269 1156 338 custo-25

88 353 143 419 dia
169 354 318 440 publica,
346 355 454 420 dicens
484 353 623 437 Critoni,
653 377 711 419 suo
739 353 908 437 familiari,
937 353 1001 419 sibi
1027 359 1103 439 post

88 442 225 507 teitium
254 442 341 507 diem
369 465 439 508 esse
467 443 684 526 moriendum,
714 442 834 508 vidisse
861 465 896 507 se
922 443 1104 507 insomnis

88 531 331 616 pulchritudine
355 531 473 595 eximia
494 531 659 615 feminam,
683 552 765 614 quae
788 552 823 596 se
845 531 975 596 nomine
995 531 1104 616 appel-

62 620 164 684 ⁵lans
193 619 313 685 diceret
335 618 546 685 Homericum
574 619 735 704 quendam
758 619 827 683 eius
850 619 939 684 modi
961 639 1104 684 versum:

137 707 272 772 Tertia
294 712 332 772 te
354 707 521 773 Phthiae
544 711 758 794 tempestas
781 708 887 772 laeta
910 708 1069 773 locabit.

92 795 198 880 Quod,
225 802 262 860 at
290 799 340 860 est
364 797 498 880 dictum,
527 796 574 862 sic
596 796 749 862 scribitur
772 796 956 881 contigisse.
1001 795 1117 862 Xeno.

90 885 182 969 phon
210 881 394 950 Socraticus
424 883 494 971 (qui
521 885 571 950 vir
599 889 632 950 et
660 883 829 970 quantusl)
856 885 893 948 in
916 907 954 949 ea
977 885 1106 968 militia,

93 995 158 1056 qua
180 995 254 1038 cum
269 971 353 1056 Cyro
377 974 501 1038 minore
515 971 709 1058 'perfunctus
729 976 787 1056 est,
811 995 870 1037 sua
889 973 1003 1037 scribit
1023 995 1106 1038 som-

15 1127 18 1132 ,
53 1080 78 1118 10
92 1060 161 1144 nia,
194 1082 333 1144 quorum
363 1066 497 1127 eventus
527 1062 694 1126 mirabiles
725 1062 928 1125 exstiterunt.
973 1061 1107 1126 Mentiri
1126 1078 1159 1126 53

91 1149 345 1233 Xenophontem
373 1172 415 1215 an
443 1150 580 1214 delirare
609 1150 773 1214 dicemus?
812 1148 915 1224 Quid?
946 1150 1109 1235 singulari

91 1237 144 1304 vir
173 1237 304 1324 ingenio
329 1239 523 1303 Aristoteles
554 1241 587 1302 et
614 1260 716 1322 paene
744 1237 853 1302 divino
881 1238 992 1322 ipsene
1020 1242 1109 1302 errat

93 1348 138 1391 an
161 1326 243 1390 alios
266 1326 339 1391 vult
361 1345 483 1411 errare,
506 1349 579 1392 cum
603 1326 717 1392 scribit
737 1325 920 1392 Eudemum
943 1325 1108 1411 Cyprium,

92 1414 290 1478 familiarem
314 1436 421 1502 suum,
444 1417 507 1479 iter
529 1414 564 1479 in
586 1413 809 1480 Macedoniam
831 1413 1005 1479 facientem
1027 1414 1109 1479 Phe-

53 1519 79 1560 15
94 1525 148 1566 ras
168 1503 303 1587 venisse,
322 1524 404 1587 quae
424 1507 494 1568 erat
512 1503 591 1567 urbs
609 1503 644 1567 in
657 1501 828 1567 Thessalia
845 1506 922 1567 tum.
935 1503 1109 1567 admodum

92 1590 225 1673 nobilis,
249 1592 290 1655 ab
307 1591 493 1656 Alexandro
513 1596 623 1656 autem
640 1594 781 1674 tyranno
801 1591 923 1656 crudeli
941 1591 1109 1656 dominatu

93 1679 282 1762 tenebatur,
311 1679 347 1743 in
376 1702 413 1744 eo
443 1680 545 1766 igitur
575 1679 694 1765 oppido
725 1679 773 1743 ita
801 1679 946 1763 graviter
974 1701 1110 1766 aegrum

93 1767 277 1832 Eudemum
294 1767 404 1851 fuisse,
422 1771 459 1833 ut
479 1790 590 1833 omnes
610 1767 726 1833 medici
745 1766 940 1851 diffiderent3
960 1768 989 1832 ei
1002 1767 1109 1833 visum,

94 1856 131 1920 in
164 1855 272 1940 quiete
301 1857 433 1942 egregia
459 1857 543 1922 facie
569 1857 718 1922 iuvenem
746 1855 851 1921 dicere
877 1855 948 1920 fore
975 1859 1013 1920 ut
1039 1878 1110 1940 per·

54 1962 81 2000 2⁰
96 1945 189 2009 brevi
212 1947 460 2029 convalesceret,
482 1945 658 2030 paucisque
678 1944 790 2009 diebus
809 1944 1019 2009 interiturum
1035 1945 1110 2009 Ale·

95 2032 256 2096 xandrum
275 2036 458 2118 tyrannum,
476 2034 585 2118 ipsum
604 2036 714 2098 autem
730 2032 913 2097 Eudemum
934 2033 1110 2117 quinquen·

95 2121 152 2186 nio
180 2124 258 2206 post
286 2121 417 2186 domum
445 2143 515 2186 esse
542 2122 731 2187 rediturum.
776 2121 885 2205 Atque
908 2122 957 2186 ita
980 2122 1110 2205 quidem

95 2209 205 2294 prima
233 2210 347 2274 statim
370 2211 484 2275 scribit
507 2211 703 2275 Aristoteles
727 2213 912 2293 consecuta,
940 2214 973 2274 et
996 2232 1110 2276 conva-

96 2297 197 2362 luisse
224 2297 422 2382 Eudemum,
450 2303 483 2364 et
511 2301 552 2364 ab
580 2299 690 2364 uxoris
717 2298 875 2364 fratribus
902 2298 1110 2363 interfectum

55 2403 83 2443 25
97 2389 287 2471 tyrannum,
311 2387 424 2470 quinto
444 2390 553 2453 autem
572 2410 656 2453 anno
676 2391 820 2470 exeunte,
839 2409 912 2453 cum
931 2390 1018 2450 esset
1036 2408 1110 2470 spes

98 2497 138 2538 ex
166 2475 225 2539 illo
249 2477 374 2540 somnio
398 2476 432 2539 in
455 2475 599 2561 Cyprum
622 2476 717 2540 illum
740 2497 779 2540 ex
802 2473 913 2540 Sicilia
936 2496 1006 2538 esse
1029 2474 1110 2538 redi-

97 2565 224 2646 turum,
253 2564 468 2649 proeliantem
499 2587 572 2629 eum
600 2565 641 2629 ad
668 2561 845 2648 Syracusas
873 2563 1040 2645 occidisse,
1072 2584 1111 2626 ex

99 2673 163 2735 quo
191 2651 240 2715 ita
266 2652 349 2717 illud
376 2651 539 2718 somnium
567 2675 637 2718 esse
664 2653 929 2737 interpretatum,
957 2653 1008 2733 ut,
1038 2671 1111 2714 cum

98 2739 227 2804 animus
250 2740 388 2805 Eudemi
411 2764 428 2807 e
452 2764 586 2827 corpore
609 2741 792 2823 excesserit,
815 2743 886 2804 tum
910 2738 1041 2802 domum
1064 2760 1111 2802 re-

56 2844 85 2884 30
99 2828 237 2892 vertisse
270 2829 426 2896 videatur.
471 2829 697 2915 Adiungamus
729 2827 934 2912 philosophis
967 2826 1111 2891 doctissi-
1130 2838 1165 2888 ol

98 2939 191 2981 mum
213 2917 390 3001 hominem,
413 2922 545 3002 podiam
570 2919 699 3002 quidem
723 2916 880 3000 divinum,
904 2912 1112 3000 Sophoclem,

99 3004 169 3090 qui,
197 3027 270 3070 cum
298 3029 337 3071 ex
365 3007 442 3072 aede
464 3006 615 3073 Herculis
643 3010 758 3091 patera
785 3026 883 3070 aurea
905 3003 1015 3089 gravis
1040 3005 1113 3069 sub-

11 3111 13 3133 i
98 3097 195 3178 repta
213 3097 309 3179 esset,
331 3095 366 3158 in
386 3096 508 3160 somnis
527 3095 609 3159 vidit
627 3095 735 3178 ipsum
755 3093 850 3156 deum
869 3091 1037 3177 dicentem,
1057 3095 1113 3176 qui

99 3182 133 3246 id
156 3180 296 3248 fecisset.
334 3182 426 3259 Quod
450 3184 550 3248 semel
573 3184 628 3248 ille
651 3184 834 3265 iterumque
857 3180 1008 3264 neglexit.
1046 3180 1114 3246 Ubi

58 3286 85 3327 ³5
99 3270 188 3335 idem
212 3272 349 3356 saepius,
374 3272 519 3337 ascendit
540 3271 576 3335 in
597 3271 714 3336 Arium
737 3291 868 3355 pagum,
892 3269 1009 3333 detulit
1031 3292 1114 3353 rem,

100 3359 323 3445 Areopagitae
347 3359 566 3445 conprehendi
589 3359 702 3423 iubent
725 3380 807 3441 eum,
831 3357 888 3441 qui
911 3380 930 3422 a
953 3355 1114 3442 Sophocle

101 3451 174 3512 erat
200 3450 402 3534 nominatus;
428 3449 458 3514 is
486 3441 676 3533 quaestione
705 3447 852 3512 adhibita
875 3445 1041 3512 confessus
1064 3449 1115 3510 est
