2578 3874
368 143 437 202 1111.
454 144 489 200 11.
515 143 591 200 OAP.
611 151 689 200 4-e.
708 149 838 209 11-14.
1042 141 1109 206 409

96 287 245 372 profecto
274 287 316 352 ad
344 288 484 352 salutem
509 287 627 354 civium
650 287 884 372 civitatumque
906 287 1109 353 incolumita-

97 380 165 440 tem
193 376 360 460 vitamque
387 376 555 441 hominum
583 376 727 460 quietam
751 380 783 440 et
806 377 937 441 beatam
960 377 1109 440 inventas

97 485 169 528 esso
193 464 298 550 leges,
328 485 460 548 eosque,
487 465 542 548 qui
565 465 708 549 primum
730 464 799 529 eius
821 465 910 529 modi
933 464 1015 530 scita
1038 485 1109 528 san·
1191 521 1192 524 ,

96 553 218 637 11111111,
245 553 376 638 populis
404 554 586 617 ostendisse
613 575 651 617 ea
678 574 713 618 se
741 553 920 638 scripturos
944 557 1040 638 atque
1063 551 1110 618 la·

67 644 199 725 sturos,
224 641 341 724 quibus
367 640 418 705 illi
442 641 573 707 adscitis
598 641 821 726 susceptisque
843 640 979 706 honeste
1001 640 1109 705 beate-

98 749 161 813 que
185 728 348 812 rirerent3
370 751 516 814 quaeque
538 729 587 794 ita
610 729 780 814 conposita
798 733 973 812 sanctaque
992 731 1110 812 essent,

97 839 153 881 eas
176 817 266 902 leges
289 817 441 882 videlicet
462 817 677 882 nominarent.
717 816 768 883 Ex
792 839 856 902 quo
878 817 1027 902 intellegi
1048 837 1109 901 par

97 909 148 969 est
167 925 231 988 eos,
250 905 306 989 qui
324 905 505 990 perniciosa
524 909 557 970 et
574 906 697 970 iniusta
714 906 845 991 populis
862 905 952 970 iussa
970 905 1109 988 descrip-

97 992 209 1077 serint,
231 1015 329 1077 quom
347 998 461 1058 contra
479 993 615 1058 fecerint
634 1016 732 1078 quam
749 993 889 1078 polliciti
906 993 1108 1078 professique

55 1099 82 1139 11
96 1081 174 1164 sint,
196 1081 323 1165 quidvis
347 1082 457 1167 potius
475 1082 591 1147 tulisse
610 1104 708 1167 quarn
727 1083 827 1168 leges,
848 1086 886 1146 ut
903 1081 1110 1166 perspicuum

97 1190 169 1234 esse
193 1169 299 1254 possit
322 1169 357 1234 in
378 1170 451 1254 ipso
473 1171 605 1235 nomine
628 1170 711 1256 legis
734 1170 980 1254 interpretando
1003 1169 1109 1234 inesse

95 1258 164 1322 vim
190 1261 224 1322 et
247 1259 443 1323 sententiam
465 1259 544 1323 iusti
568 1262 601 1322 et
623 1258 693 1323 veri
715 1258 853 1344 legendi.
898 1256 1024 1333 Quaero
1048 1256 1162 1343 igi-12

95 1350 151 1410 tur
175 1369 195 1410 a
216 1351 264 1430 te,
291 1344 424 1431 Quinte,
447 1347 531 1412 sicut
553 1347 604 1426 iui
628 1347 746 1411 solent:
775 1345 845 1422 Quo
869 1346 897 1410 si
920 1346 1035 1411 civitas
1059 1368 1110 1410 ca-

95 1437 176 1517 reat,
196 1435 327 1500 obeam
346 1435 452 1519 ipsam
471 1457 611 1518 causam,
630 1434 716 1518 quod
734 1456 771 1500 eo
791 1439 909 1518 careat,
926 1456 986 1519 pro
1005 1434 1109 1498 nihilo

55 1539 82 1580 1⁵
96 1523 247 1588 habenda
274 1522 332 1605 sit,
362 1523 395 1586 id
418 1527 509 1588 estne
531 1523 766 1587 numerandum
789 1523 964 1588 inbonis?
1002 1523 1037 1604 Q.
1059 1522 1109 1586 Ao

95 1611 257 1676 maxumis
281 1610 418 1695 quidem.
450 1613 498 1677 Μ
517 1611 604 1696 Lege
623 1615 733 1676 autem
751 1632 863 1676 carens
883 1611 998 1676 civitas
1018 1614 1109 1675 estne

94 1700 139 1764 ob
162 1701 197 1763 id
218 1699 327 1783 ipsum
349 1700 499 1764 habenda
520 1700 612 1764 nullo
636 1700 730 1765 loco?
769 1700 803 1779 Q.
826 1698 901 1764 Dici
924 1699 1020 1764 aliter
1042 1721 1108 1763 non

95 1791 214 1872 potest.
250 1789 298 1852 Μ.
321 1785 461 1853 Necesse
489 1791 539 1853 est
561 1788 664 1874 igitur
686 1788 793 1872 legem
816 1786 932 1852 haberi
953 1787 988 1851 in
1010 1788 1107 1851 rebus

96 1874 239 1960 optimis
276 1876 310 1957 Q.
333 1874 470 1940 Prorsus
494 1876 668 1940 adsentior.
704 1877 752 1940 M.
776 1874 868 1958 Quid,
892 1875 978 1959 quod
1000 1876 1161 1940 1111111113

53 1982 81 2021 20
95 1963 284 2048 perniciose,
307 1965 413 2028 multa
434 1965 588 2050 pestifere
612 1965 792 2029 sciscuntur
810 1964 845 2028 in
862 1963 1002 2049 populis,
1025 1985 1108 2048 quae

94 2073 163 2116 non
189 2052 295 2137 magis
322 2052 406 2138 legis
433 2075 553 2118 nomen
576 2052 762 2138 adtingunt,
791 2073 889 2136 quam
912 2052 941 2116 si
963 2051 1107 2116 latrones

96 2139 224 2223 aliquas
253 2161 405 2206 consessu
429 2163 487 2205 sua
510 2141 698 2205 sanxerint?
735 2139 822 2204 Nam
844 2161 948 2224 neque
971 2140 1108 2205 medico-

95 2250 171 2292 rum
196 2233 371 2313 praecepta
388 2229 461 2294 —dici
487 2251 563 2294 vere
589 2232 741 2314 possunt,
774 2229 802 2292 si
830 2251 912 2312 quae
939 2228 1034 2293 inscii
1061 2227 1108 2292 in·

95 2317 257 2402 peritique
276 2339 336 2401 pro
356 2316 555 2382 salutaribus
574 2317 743 2382 mortifera
761 2317 1032 2400 conscripserunt,
1053 2337 1107 2380 ne·

54 2421 82 2464 re
97 2426 160 2488 que
191 2405 226 2468 in
256 2405 379 2490 populo
411 2406 477 2488 lex,
496 2400 498 2404 ’
514 2404 707 2470 cuicuimodi
737 2404 837 2468 fuerit
868 2405 940 2487 illa,
977 2403 1108 2468 etiamsi

95 2493 312 2578 perniciosum
341 2493 464 2576 aliquid
490 2493 631 2578 populus
655 2493 822 2577 acceperit.
868 2491 958 2578 Ergo
983 2496 1033 2556 est
1055 2492 1111 2561 lex.

94 2581 256 2646 iustorum
278 2581 538 2665 iniustorumque
561 2580 726 2646 distinctio
751 2581 791 2644 ad
809 2580 902 2644 illam
922 2579 1107 2664 antiquissi-

96 2691 184 2733 mam
214 2673 247 2734 et
269 2691 378 2734 rerum
402 2691 420 2734 o
481 2670 547 2734 'um
570 2669 749 2753 principem
772 2690 925 2753 expressa
946 2673 1107 2753 naturam,

95 2758 138 2822 ad
161 2780 258 2841 quam
280 2759 370 2843 leges
393 2692 539 2909 adnixum
559 2758 758 2843 deriguntur,
781 2778 863 2840 quae
882 2756 1042 2841 supplicio
1060 2756 1108 2822 in·

54 2846 218 2932 reprobos
242 2846 406 2929 adficiunt,
429 2847 467 2910 de
483 2846 604 2910 endunt
627 2868 664 2910 ac
686 2849 821 2910 tuentur
843 2845 955 2910 bonos

163 2935 198 3014 Q.
225 2933 395 3000 Praeclare
427 2935 584 3015 intellego
618 2956 678 2998 nec
709 2955 787 2998 vero
814 2934 881 2998 iam
909 2933 1008 2998 aliam
1036 2935 1148 3000 esse6

95 3022 199 3086 ullam
222 3023 329 3108 legem
346 3026 427 3107 puto
445 3044 510 3087 non
531 3023 626 3086 modo
646 3022 838 3104 habendam,
862 3022 919 3086 sed
936 3043 977 3086 ne
999 3022 1107 3107 appel-

95 3111 226 3175 landam
264 3111 402 3194 quidem.
447 3112 495 3176 Μ
527 3110 635 3196 Igitur
670 3115 707 3175 tu
743 3110 847 3174 Titias
884 3113 918 3174 et
948 3109 1106 3195 Apuleias
1126 3123 1160 3172 11

23 3264 28 3274 ,
95 3199 185 3285 leges
212 3198 321 3264 nullas
348 3201 468 3285 putas?
506 3199 540 3279 Q.
562 3199 636 3284 Ego
664 3220 741 3264 vero
768 3220 810 3262 ne
831 3198 941 3264 Livias
968 3198 1106 3282 quidem.

54 3303 81 3344 ³⁵
94 3287 143 3352 Μ
165 3286 211 3351 Et
238 3291 338 3370 recte,
367 3309 448 3371 quae
476 3287 669 3371 praesertim
696 3309 761 3350 uno
788 3286 948 3352 versiculo
974 3292 1106 3352 senatus

94 3379 216 3460 puncto
243 3376 402 3459 temporis
430 3375 579 3440 sublatae
603 3376 682 3458 sint,
710 3375 762 3439 lex
785 3379 895 3439 autem
917 3374 989 3460 illa,
1017 3377 1106 3441 cuius

94 3464 161 3528 11111
199 3464 371 3551 explicavi,
406 3484 510 3547 neque
546 3463 622 3527 tolli
657 3485 760 3548 neque
798 3465 954 3550 abrogari
987 3468 1106 3550 potest.
