2610 3894
318 163 386 218 LIB.
405 163 440 218 H.
461 162 536 217 OAP.
556 169 671 219 33-35.
695 169 710 229 ἓ
729 168 844 220 84-89.
1043 164 1085 231 ’Π
1183 231 1185 235 ,

66 331 106 372 ea
134 306 317 373 fortuitane
348 307 415 372 sint
444 330 487 373 an
513 330 551 375 co
580 311 683 392 statu,
716 329 780 392 quo
804 307 976 373 cohaerere
997 309 1089 374 nullo

67 397 168 461 modo
199 395 369 481 potuerint
394 395 460 461 nisi
487 417 585 462 sensu
608 396 797 461 moderante
820 396 993 481 divinaque
1016 418 1090 482 pro·

66 484 227 551 videntia.
282 482 316 549 Si
349 483 452 571 igitur
485 485 622 550 meliora
654 488 732 550 sunt
763 506 814 570 ea,
847 506 930 569 quae
960 488 1088 569 natura,

68 595 172 657 quam
204 572 277 657 illa,
310 595 392 657 quae
424 576 495 637 arte
524 572 670 659 perfecta
697 576 787 656 sunt,
819 594 880 639 nec
907 594 960 638 ars
989 572 1090 639 efficit

29 683 40 724 a
69 661 249 746 quicquam
272 661 341 725 sine
364 661 501 745 ratione,
522 682 564 726 ne
586 665 707 727 natura
729 657 860 747 quidem
882 661 1019 726 rationis
1039 683 1090 726 ex·

68 771 148 834 pers
177 752 229 814 est
254 749 413 814 habenda,
459 749 523 826 Qui
548 750 651 836 igitur
678 749 843 834 convenit,
875 749 1006 836 signum
1033 753 1090 814 aut

70 838 225 902 tabulam
252 837 374 923 pictam
401 860 475 904 cum
502 839 680 923 aspexeriS,
710 838 792 904 scire
815 838 996 903 adhibitam
1020 858 1090 903 esse

69 929 194 1010 artem,
226 948 362 1011 cumque
394 927 509 1012 procul
541 947 671 992 cursum
703 926 827 1013 navigii
859 926 993 1009 videris,
1024 948 1091 992 non

70 1015 239 1099 dubitare,
270 1015 360 1099 quin'
377 1014 411 1079 id
438 1014 565 1080 ratione
595 1018 694 1100 atquc
718 1018 788 1079 arte
811 1019 995 1099 moveatur,
1024 1017 1091 1098 aut,

30 1128 56 1166 ιο
70 1125 149 1168 cum
172 1103 330 1168 solarium
347 1102 401 1168 vel
419 1103 612 1188 discriptum
629 1104 682 1169 vel
702 1125 741 1168 ex
759 1125 845 1188 aqua
863 1104 1090 1188 contemplere,

69 1192 266 1278 intellegere
294 1191 453 1256 declarari
481 1191 580 1256 horas
609 1196 692 1277 arte,
719 1213 786 1256 non
813 1212 904 1277 casu,
934 1191 1091 1256 mundum

70 1284 202 1364 autem,
232 1278 288 1365 qui
317 1283 350 1345 et
378 1280 440 1345 has
467 1279 556 1366 ipsas
586 1283 673 1344 artes
701 1282 735 1345 et
757 1300 870 1345 earum
892 1279 1033 1346 artifices
1058 1283 1091 1344 et

71 1372 193 1434 cuncta
216 1368 448 1453 conplectatur,
472 1367 600 1433 consilii
623 1371 657 1432 et
678 1367 816 1433 rationis
836 1389 906 1433 esse
924 1371 1091 1454 expertem

70 1456 214 1542 putare?
247 1455 370 1532 Quodsi
386 1457 422 1521 in
440 1453 608 1541 Scythiam
627 1459 685 1521 aut
702 1457 738 1521 in
750 1454 958 1521 Britanniam
977 1457 1091 1543 sphae·
1110 1471 1144 1522 88

34 1570 57 1608 ιε
72 1567 148 1610 ram
167 1544 285 1628 aliquis
304 1544 419 1609 tulerit
437 1545 531 1629 hanc,
550 1567 649 1630 quam
666 1566 770 1630 nuper
787 1543 960 1610 familiaris
978 1548 1092 1610 noster

72 1633 182 1699 effecit
208 1632 417 1718 Posidonius,
449 1634 539 1699 cuius
572 1634 723 1720 singulae
751 1633 978 1699 conversiones
1004 1633 1092 1699 idem

72 1721 222 1800 efficiunt
248 1721 283 1785 in
310 1722 380 1786 sole
408 1722 503 1786 etin
530 1722 609 1786 luna
636 1721 727 1786 etin
750 1721 891 1806 quinque
914 1721 1021 1787 stellis
1044 1743 1092 1787 er·

71 1809 239 1894 rantibus,
273 1810 359 1895 quod
392 1809 532 1875 efficitur
563 1811 599 1874 in
629 1809 721 1876 caelo
750 1809 887 1896 singulis
916 1809 1029 1876 diebus
1058 1814 1092 1876 et

71 1898 237 1982 noctibus,
256 1897 329 1982 quis
347 1898 382 1962 in
399 1899 459 1964 illa
477 1898 632 1964 barbaria
650 1897 787 1982 dubitet,
806 1898 885 1983 quin
899 1920 937 1964 ea
952 1899 1092 1985 sphaera

33 2007 58 2047 eo
73 1987 120 2052 sit
146 1986 293 2072 perfecta
323 1987 473 2052 ratione?
518 1986 564 2052 Hi
591 1990 701 2051 autem
723 1986 877 2052 dubitant
899 1986 937 2052 de
961 1988 1091 2071 munde,
1101 1991 1144 2057 35

72 2093 115 2140 ex
145 2096 210 2160 quo
239 2077 273 2139 et
302 2075 452 2140 oriuntur
478 2078 512 2140 et
538 2075 623 2141 fiunt
649 2075 773 2160 omnia,
805 2095 924 2140 casune
953 2075 1024 2161 ipse
1047 2076 1092 2141 sit

73 2165 210 2229 effectus
243 2167 301 2229 aut
331 2163 526 2229 necessitate
553 2163 665 2248 aliqua
692 2185 735 2228 an
761 2163 889 2229 ratione
917 2186 956 2230 ac
981 2168 1090 2230 mente

72 2252 199 2336 divina,
231 2255 264 2317 et
291 2251 520 2318 Archimdem
550 2253 752 2317 arbitrantur
783 2252 858 2337 plus
886 2251 1029 2318 valuisse
1056 2254 1092 2317 in
1152 2251 1157 2264 '

71 2340 243 2406 imitandis
271 2341 429 2426 sphaerae
457 2340 722 2406 conversionibus
750 2363 849 2426 quam
875 2343 1029 2406 naturam
1056 2342 1091 2405 in

36 2448 58 2489 2⁵
73 2429 267 2513 efficiendis,
299 2430 491 2514 praesertim
519 2451 593 2495 curn
619 2429 733 2494 multis
760 2429 910 2515 paitibus
939 2429 1005 2494 sint
1032 2429 1091 2494 illa

71 2517 222 2605 perfecta
252 2539 351 2603 quam
383 2518 463 2583 haec
494 2518 649 2583 simulata
676 2517 852 2583 sollertius.
902 2515 1006 2602 Atqui
1033 2517 1090 2582 ille
1109 2540 1144 2590 89

73 2605 164 2692 apud
181 2604 318 2672 Accium
339 2610 463 2692 pastor,
486 2606 543 2692 qui
564 2627 682 2672 narem
701 2627 881 2690 numquam
900 2610 976 2670 ante
993 2604 1091 2670 vidis·

74 2697 136 2780 set,
159 2699 197 2758 ut
218 2694 332 2780 procul
356 2694 500 2760 divinum
524 2698 557 2760 et
579 2717 701 2760 novum
720 2694 905 2760 vehiculum
920 2692 1091 2780 Argonau-

72 2788 186 2848 tarum
212 2778 232 2847 'e
254 2787 365 2849 monte
389 2783 570 2869 conspexit,
595 2783 701 2869 primo
726 2783 890 2848 admirans
914 2785 948 2847 et
970 2785 1092 2867 perter-

39 2889 61 2930 cc
75 2872 162 2937 ritus
184 2870 248 2936 hoc
271 2872 367 2938 modo
390 2870 549 2957 loquitur:

547 2959 672 3026 Teuta
694 2961 816 3026 moles
839 2959 989 3026 labitur

119 3047 381 3115 Fremibdnda
400 3070 444 3114 ex
462 3049 545 3115 alto
563 3047 718 3135 ingenti
736 3049 869 3114 sonitu
885 3052 924 3114 et
938 3046 1091 3133 spiritu.

118 3137 218 3201 Prac
241 3158 281 3201 se
303 3137 424 3202 undas
448 3136 588 3222 volvit,
610 3137 783 3202 ve‘rtices
806 3137 844 3203 vi
868 3138 1049 3222 suscitat,

120 3223 215 3290 Ruit
236 3227 436 3312 prolapsa,
458 3225 621 3311 pelagus
645 3223 858 3311 respergit,
881 3224 1010 3290 reflat.

41 3325 63 3368 ⁸⁵
119 3313 183 3378 Ita
202 3313 288 3378 dum
305 3312 569 3398 interruptum
588 3313 721 3379 credas
739 3312 913 3378 nimbum
927 3313 1092 3396 vdlvier‚

119 3401 218 3467 Dum
242 3402 341 3486 quod
364 3402 532 3467 sublime
555 3401 685 3468 ventis
709 3401 910 3485 expulsum
933 3400 1019 3485 rapi

120 3488 261 3556 Saxum
285 3494 351 3556 adt
372 3490 574 3579 procellis,
596 3490 657 3555 vel
681 3490 867 3576 globosos
885 3488 1068 3553 turbines
