2578 3874
190 246 192 252 Ι
251 169 319 224 LlB.
339 169 386 224 VI.
406 169 483 227 CAP.
503 177 546 226 26.
565 177 581 238 5
599 177 642 240 28,
661 178 704 238 29,
722 169 957 227 FRAGMENTA.
1044 172 1109 237 379

100 314 210 379 medat
229 314 266 378 in
282 334 380 396 puero
399 314 598 399 (Verpilias),
619 317 695 398 qaia
709 315 797 396 faeta
812 335 877 381 non
894 317 1020 382 invenit.
1050 316 1113 382 Est

99 407 202 468 auterre
224 401 379 468 OEcerorris
400 404 435 467 irs
457 404 594 486 dialopo:
620 403 734 487 Fanni,
757 425 855 469 eausa
877 403 1019 470 difficilis
1042 404 1111 469 leu-

100 493 178 556 dare
199 512 351 576 puernm3
373 511 439 556 non
462 491 548 557 enim
571 513 623 556 res
646 491 817 576 laudando,
841 492 897 556 sed
920 513 995 578 spes
1019 495 1078 558 est.

166 578 196 643 6.
222 579 366 644 Laetaot.
392 581 463 645 inst.
490 581 549 646 div.
571 579 595 646 1
620 585 733 647 18.11
754 600 817 663 sqq.
848 581 946 662 Apud
966 581 1111 646 Enniam

72 668 144 733 sete
166 667 301 749 loquitar
322 667 512 748 Africanas:

144 752 185 820 si
210 754 271 820 fas
295 755 391 821 endo
413 756 553 843 plagas
576 756 788 821 caelestum
808 757 1014 823 ascendere
1034 757 1111 823 oui·

814 867 926 929 quam
949 848 1021 930 est,

188 930 239 996 Mi
263 932 340 997 soli
362 931 461 997 oeeli
484 933 650 997 maxime
671 937 786 1019 porte
807 937 931 1019 patet,

99 1020 212 1086 etad
240 1021 317 1102 qaia
346 1041 494 1104 mapriam
515 1027 639 1122 partem
661 1023 782 1104 perieris
807 1023 940 1088 tamari
965 1022 1113 1088 meinati

100 1129 137 1174 ae
148 1110 293 1191 perdidit
327 1107 526 1191 Oqaaatis
512 1130 548 1174 err
566 1109 703 1189 miens,
725 1110 886 1191 Africano,
908 1115 1046 1176 ansatum
1063 1110 1112 1176 es!

60 1215 87 1254 ιο
100 1197 146 1262 od
166 1198 274 1278 potins
301 1217 319 1263 o
339 1203 446 1280 putta,
473 1199 529 1281 qai
550 1218 609 1280 per
631 1159 734 1264 raeda
756 1203 785 1264 et
805 1201 988 1282 sanquinem
1005 1203 1113 1282 patere

99 1281 314 1351 twmiriibus'
300 1307 336 1350 ire
362 1287 479 1351 coelom
505 1305 665 1352 moeream
681 1287 860 1369 patendo!
896 1286 957 1352 Oui
978 1308 1053 1352 vair
1048 1289 1113 1352 ‘tati

28 1417 30 1421 ·
99 1375 193 1438 etiarrr
216 1373 319 1440 Oioero
341 1375 483 1440 adsensit.
519 1373 582 1438 Est
603 1395 691 1456 vero,
713 1375 823 1457 inquit,
844 1373 1013 1464 Africane3
1033 1396 1112 1441 nam

100 1465 135 1527 et
156 1461 292 1528 Herculi
313 1462 426 1528 eedem
449 1462 515 1526 isto
536 1465 634 1547 ports
655 1462 772 1547 patuit.

169 1551 198 1616 Ἰ.
230 1550 344 1616 Seneca
370 1552 455 1634 epist.
481 1555 553 1616 108.
579 1556 625 1617 32
646 1571 689 1632 sq
721 1551 855 1616 Eosdem
881 1551 976 1618 tetros
1001 1552 1054 1634 (de
1079 1572 1114 1618 re

61 1655 85 1696 1⁵
95 1637 237 1722 putida)
264 1659 334 1704 eam
356 1644 516 1722 mammet
516 1640 582 1705 icas
607 1640 765 1724 adplicuit,
786 1641 929 1722 primam
951 1641 1042 1705 uerba
1063 1661 1113 1707 err·

95 1747 206 1810 preesa
232 1749 347 1813 reapse
369 1729 431 1793 diei
451 1748 474 1791 a
495 1726 649 1806 eneae,
670 1729 707 1793 id
725 1732 770 1793 est
792 1727 838 1794 ‘re
858 1727 950 1811 ipsd,
976 1730 1013 1793 ire
1034 1749 1113 1794 eom·

64 1891 66 1895 v
100 1817 288 1880 merdarium
317 1816 423 1896 refert,
454 1834 509 1881 nee
539 1817 645 1882 minus
676 1836 782 1901 sepse,
813 1817 850 1882 id
879 1822 924 1882 est
950 1815 997 1883 ‘se
1022 1815 1112 1898 ipse'.
1156 1868 1158 1873 .

100 1903 223 1969 Deinde
249 1905 364 1976 trorssd
389 1905 433 1968 ad
457 1924 506 1982 ea,
533 1924 611 1985 quae
632 1905 814 1970 moerendo
835 1905 952 1970 saecuti
972 1907 1113 1985 mamvit,

101 1998 261 2074 tamquam
293 1992 340 2056 ait
366 1991 486 2058 Cicero:
520 1988 680 2067 Quoniam
712 2013 824 2058 sumus
854 1994 896 2058 ab
922 1991 997 2079 ipse
1025 1994 1114 2060 eules

61 2098 88 2138 eo
101 2081 171 2146 eius
189 2079 454 2164 interpellatione
472 2080 625 2146 revocati.
655 2079 759 2159 Hane,
777 2101 873 2163 qaam
889 2102 974 2146 necne
986 2083 1022 2146 iri
1035 2084 1114 2149 sirau

101 2167 237 2234 ‘oswin'
260 2189 411 2247 sommas,
434 2167 567 2234 ‘aalaern’
585 2170 709 2250 antiqui
725 2170 872 2234 dicebant.
907 2168 1029 2234 Deinde
1045 2171 1113 2234 Ea-

99 2258 215 2322 rriaaos
245 2257 361 2339 eoltipit
389 2276 494 2322 versas
525 2261 555 2322 et
583 2259 620 2322 ire
644 2259 761 2338 primis
793 2259 864 2324 illos
894 2259 931 2324 de
959 2257 1114 2338 Africano

100 2346 244 2428 sniptos:

504 2432 565 2498 eui
587 2455 696 2499 nemo
720 2433 817 2498 civis
840 2455 963 2517 neque
986 2433 1115 2498 hostis

62 2537 88 2578 π
147 2519 281 2596 Quivit
303 2543 373 2606 pro
393 2521 511 2588 factis
534 2521 694 2586 reddere
716 2543 786 2607 par
808 2521 981 2607 pretium.

171 2610 200 2675 8.
232 2611 418 2694 Arronymrrs
449 2610 619 2676 Paradene
650 2611 799 2676 Kororrrre
834 2611 920 2692 apud
950 2609 1115 2675 Bielowste.

101 2697 244 2780 Pompeii
267 2699 364 2781 Tropi
382 2699 498 2782 frapm.
514 2719 548 2781 p.
571 2698 644 2764 XV
659 2717 703 2781 sq.
729 2697 821 2764 Recte
843 2697 946 2763 Cicero
969 2699 1005 2762 ire
1027 2698 1116 2764 tibris

101 2788 140 2852 de
164 2806 199 2852 re
219 2787 347 2869 prdlira
372 2789 511 2870 scripsit:
544 2785 744 2871 Quicumque
773 2785 877 2872 epulis
901 2790 935 2850 et
957 2785 1115 2852 conviviis

102 2877 138 2940 et
160 2875 345 2960 sumptibus
369 2875 642 2941 existimationem
660 2874 830 2939 hominum
849 2874 914 2939 sibi
931 2873 1115 2958 conciliant,

61 2981 88 3021 eo
102 2963 215 3048 palem
243 2963 418 3028 ostendunt
445 2963 509 3030 sibi
536 2986 649 3029 verum
676 2964 787 3048 decus,
817 2962 903 3047 quod
931 2983 970 3026 ex
993 2962 1115 3028 virtute

103 3073 142 3118 ao
165 3051 325 3137 dignitate
347 3051 502 3136 nescitur,
525 3051 668 3117 deficere.

171 3140 200 3206 9.
229 3138 300 3205 Ood.
318 3161 473 3205 maerore.
491 3161 522 3205 n.
541 3144 606 3205 458
617 3161 651 3222 p.
666 3144 711 3206 82
729 3139 862 3205 biblioth.
883 3139 1116 3204 Ossotirriarrae:

102 3226 207 3294 Cicero
234 3229 270 3293 de
296 3229 489 3312 republica:
518 3228 634 3292 leniter
658 3231 756 3312 etque
778 3227 905 3314 placide
928 3227 1022 3315 fides,
1049 3249 1117 3293 non

102 3316 136 3382 vi
160 3319 193 3381 et
215 3316 348 3403 impetu,
371 3317 500 3382 concuti
523 3316 654 3381 debere.
669 3365 699 3383 ..

501 3477 708 3486 --——..—-.-
