2610 3894
356 135 425 191 ure.
443 136 490 192 111.
510 136 587 191 err.
609 141 686 190 c-e.
707 141 854 201 §14-20.
1038 128 1127 200 ‘113‘

79 286 129 370 ct
155 281 295 346 terrenis
323 302 391 346 non
416 301 589 366 possumus
618 279 737 363 dicere,
763 301 837 346 cum
864 302 902 345 ea
923 279 1018 364 fiant,
1045 301 1111 344 non

96 391 167 435 esse
197 370 337 452 multos,
368 369 424 454 qui
450 369 510 434 illa
537 372 686 433 metuant
709 372 742 432 et
765 391 785 432 a
808 368 857 432 dis
880 367 1110 433 inmortalibus

94 459 167 523 fieri
195 457 407 541 existument;
434 457 491 521 sed
513 478 580 522 non
601 456 635 520 id
659 457 838 541 quaeritur,
868 457 975 520 sintne
999 455 1110 540 aliqui,
1132 471 1164 518 17

96 547 152 631 qui
176 546 253 612 deos
278 567 349 610 esse
371 548 497 629 putent,
521 545 553 609 di
576 549 686 609 utrum
710 544 776 608 sint
798 566 898 610 necne
918 544 993 628 sint,
1018 565 1112 628 quac

71 635 190 699 oritur.
236 633 323 698 Nam
351 633 495 718 reliquae
523 655 652 718 causae,
684 654 764 715 quas
793 631 968 698 Cleanthes
997 631 1112 714 adfert,

97 745 236 807 quarum
254 745 319 788 una
338 726 389 788 est
407 722 445 787 de
464 723 715 805 commodorum,
735 741 817 805 quae
836 721 991 806 capimus,
1010 721 1112 805 copia,

97 812 204 875 altera
232 809 270 875 de
298 814 485 895 temporum
513 809 624 875 ordine
648 810 793 893 caelique
817 809 1014 892 constantia,
1042 813 1113 872 tum

95 899 328 965 tractabuntur
347 921 367 962 a
385 898 489 981 nobis,
509 920 582 964 cum
601 897 840 983 disputabimus
856 897 894 962 de
908 897 1114 982 providentia

97 988 241 1070 deorum,
260 987 299 1052 de
319 1009 383 1071 qua
401 986 543 1072 plurima
558 1009 577 1050 a
590 990 632 1071 te,
646 984 759 1070 Balbe,
777 985 864 1050 dicta
878 989 968 1069 sunt;
987 985 1112 1051 eodem·
1133 999 1166 1048 18

59 1095 83 1134 ιο
98 1098 160 1160 que
192 1075 252 1138 illa
284 1075 384 1139 etiam
416 1074 615 1157 differemus,
648 1074 734 1159 quod
762 1071 982 1158 Chrysippum
1009 1074 1114 1139 dicere

98 1163 225 1246 aiebas,
249 1163 403 1247 quoniam
427 1167 513 1227 esset
537 1162 661 1247 aliquid
683 1162 719 1226 in
741 1183 850 1227 rerum
872 1166 1005 1246 natura,
1028 1162 1114 1247 quod

97 1253 140 1316 ab
164 1251 296 1316 homine
320 1250 404 1316 effici
426 1273 493 1316 non
515 1255 636 1336 posset,
660 1271 730 1315 esse
755 1249 878 1334 aliquid
900 1250 1032 1315 homine
1051 1273 1115 1316 me·

96 1341 172 1424 lius,
187 1360 333 1423 quaeque
346 1339 381 1403 in
396 1338 492 1404 domo
506 1339 644 1424 pulchra
658 1361 730 1403 cum
744 1338 985 1424 pulchritudine
1003 1339 1115 1403 mundi

97 1429 323 1512 comparabas,
346 1431 380 1492 ct
403 1450 476 1492 cnm
499 1428 601 1492 totius
624 1427 737 1491 mundi
759 1427 1019 1492 convenientiam
1042 1449 1115 1492 con·

7 1521 8 1532 ’
57 1535 84 1574 1⁵
99 1538 295 1600 sensumque
324 1515 507 1600 adferebas,
539 1515 741 1600 Zenonisque
768 1514 877 1579 brevis
905 1518 939 1579 et
966 1516 1114 1580 acutulas

99 1604 323 1670 conclusiones
355 1604 390 1668 in
422 1626 494 1669 eam
525 1607 655 1690 partem
687 1603 859 1685 sermonis,
893 1625 990 1687 quam
1018 1605 1114 1669 modo

100 1693 181 1776 dixi,
205 1692 403 1775 differemus,
432 1693 607 1777 eodemque
631 1696 778 1776 tempore
800 1691 861 1755 illa
883 1691 1005 1776 omnia,
1034 1713 1115 1776 quae

101 1805 122 1847 a
144 1786 188 1865 te,
212 1781 355 1866 physice,
378 1781 467 1845 dicta
489 1784 565 1846 sunt
589 1780 628 1844 de
650 1781 683 1844 vi
705 1781 803 1866 ignca
821 1779 923 1863 deque
942 1801 980 1845 eo
999 1781 1116 1865 calore,

100 1892 141 1934 ex
169 1891 233 1953 quo
257 1869 367 1934 omnia
390 1868 539 1955 generari
562 1868 705 1952 dicebas,
732 1869 805 1933 loco
829 1889 887 1932 sno
911 1873 1116 1953 quaerentur,

59 1976 85 2015 20
100 1958 288 2041 omniaque,
317 1979 399 2041 quae
428 1979 447 2022 a
473 1960 507 2022 te
533 1957 650 2021 nudius
674 1956 791 2021 tertius
815 1955 1014 2041 dictasunt,
1043 1979 1116 2022 cum

102 2047 217 2112 docere
241 2045 342 2111 velles
367 2045 443 2110 deos
464 2066 543 2129 esse,
566 2066 666 2128 quara
685 2048 718 2110 et
737 2044 874 2108 mundus
894 2044 1063 2110 universus
1084 2049 1117 2110 ct

101 2136 153 2199 sol
177 2137 211 2198 et
234 2134 312 2198 luna
335 2137 369 2198 et
392 2133 507 2199 stellae
526 2154 657 2198 sensum
676 2155 713 2198 ac
731 2136 873 2198 mentem
891 2131 1060 2217 haberent,
1082 2133 1118 2198 in

101 2223 189 2289 idem
213 2225 343 2306 tempus
366 2222 549 2288 reservabo.
585 2219 617 2284 A
635 2224 669 2285 te
688 2225 797 2286 autem
816 2221 902 2285 idem
915 2221 998 2285 illud
1017 2222 1117 2286 etiam
1136 2235 1171 2283 19

101 2315 202 2394 atque
231 2310 331 2374 etiam
360 2332 528 2395 quaeram,
557 2309 674 2393 quibus
697 2309 879 2374 rationibus
902 2309 965 2373 tibi
987 2331 1117 2394 persua·

59 2416 86 2456 2⁵
102 2400 180 2464 deas
209 2398 286 2463 deos
310 2419 389 2463 esse.
435 2398 518 2464 Tum
541 2395 679 2462 Balbus:
709 2397 870 2482 Equidem
894 2397 1044 2461 attulisse
1067 2419 1117 2461 ra·
1137 2399 1156 2463 8

101 2488 210 2552 tiones
234 2486 315 2550 mihi
337 2486 458 2571 videor,
482 2486 538 2551 sed
557 2507 612 2551 eas
631 2489 669 2550 tu
686 2485 735 2550 ita
753 2485 886 2569 refellis,
908 2488 955 2568 ut,
974 2507 1047 2549 cum
1065 2506 1117 2548 me

100 2577 365 2661 interrogaturus
394 2595 464 2639 esse
490 2573 620 2639 videare
644 2577 678 2638 et
700 2595 761 2659 ego
785 2595 837 2638 me
861 2572 902 2637 ad
924 2571 1118 2657 responden-

101 2664 180 2728 dum
206 2662 437 2748 compararim,
464 2666 599 2746 repente
623 2665 752 2727 avertas
776 2661 957 2727 orationem
979 2681 1038 2724 nec
1061 2659 1117 2726 des

101 2751 320 2836 respondendi
343 2751 459 2816 locum.
495 2749 611 2835 Itaque
635 2750 795 2815 maximae
818 2771 870 2814 res
889 2749 1009 2813 tacitae
1027 2770 1118 2832 prae-

59 2857 87 2897 30
101 2841 276 2917 terienmt,
309 2839 348 2904 dc
381 2839 593 2922 divinatione,
625 2839 664 2904 de
693 2837 778 2922 fato,
811 2838 928 2922 quibus
956 2836 995 2901 de
1024 2858 1118 2920 quae·

102 2927 265 2994 stionibus
283 2931 321 2992 tu
336 2927 465 3012 quidem
479 2927 630 3010 strictim,
648 2926 755 2992 nostri
769 2929 878 2992 autem
892 2925 998 2989 multa
1012 2926 1119 2989 solent

103 3016 220 3099 dicere,
239 3015 295 3080 sed
313 3017 354 3080 ab
373 3016 435 3081 hac
453 3038 492 3081 ea
506 3015 705 3101 quaestione,
724 3036 806 3098 quae
819 3035 905 3079 nnnc
919 3014 954 3077 in
968 3013 1118 3078 manibus

102 3108 164 3189 est,
188 3107 391 3190 separantur.
427 3102 542 3188 Quare,
566 3103 595 3168 si
611 3103 748 3186 videtur,
771 3102 841 3167 noli
860 3123 957 3188 agere
977 3102 1119 3188 confuse,

101 3197 141 3258 ut
163 3193 227 3258 hoc
250 3188 446 3279 explicemus
468 3191 531 3257 hac
554 3190 783 3276 disputatione,
807 3191 893 3275 quod
917 3189 1092 3274 quaeritur.

62 3297 88 3339 aa
171 3280 311 3366 Optime,
333 3280 441 3365 inquit
459 3278 565 3346 Cotta.
601 3279 717 3364 Itaque
737 3279 890 3363 quoniam
910 3282 1065 3363 quattuor
1083 3279 1118 3342 in
1137 3289 1172 3339 20

103 3372 216 3454 partes
243 3372 349 3434 totam
373 3369 597 3453 quaestionem
621 3367 761 3435 divisisti
784 3368 824 3432 de
846 3367 1016 3452 primaque
1040 3367 1118 3431 dixi·

103 3479 187 3544 mus,
209 3457 447 3524 consideremus
471 3456 657 3542 secundam
681 3477 763 3543 quac
786 3455 868 3520 mihi
890 3456 969 3521 talis
988 3454 1119 3520 videtur

161 3569 306 3614 cro.1v.s.
887 3567 904 3618 8
