2610 3894
330 143 399 200 LIB.
417 144 451 200 Π.
472 143 548 200 ΟΑΡ.
568 149 682 200 54-56.
702 149 717 210 ξ
737 149 885 200 rac-141.
1073 144 1118 208 97

100 287 295 352 diffunditur
322 291 356 352 et
384 288 518 373 spiritus
545 311 604 374 per
627 288 773 353 arterias,
818 285 985 372 Utraeque
1008 291 1119 352 autem

100 377 235 441 crebrae
259 376 446 460 multaeque
469 379 540 442 toto
560 398 693 462 corpore
711 377 855 440 intextae
873 375 940 440 vim
954 377 1118 460 quandam

99 465 327 529 incredibilem
341 465 508 530 artificiosi
521 465 629 550 operis
644 465 808 549 divinique
821 466 994 529 testantur.
1020 462 1104 540 Quid
1120 477 1172 525 139

101 552 209 618 dicam
241 553 280 618 de
313 552 464 618 ossibus?
497 574 580 638 quae
612 553 759 618 subiecta
790 552 918 637 corpori
950 552 1118 618 mirabiles

73 641 336 706 scommissuras
366 641 491 706 habent
520 645 554 706 et
581 642 623 706 ad
650 641 867 706 stabilitatem
894 643 994 725 aptas
1016 644 1050 705 et
1077 641 1118 705 ad

101 733 194 794 artus
227 728 387 794 finiendos
421 729 684 794 adcommodatas
717 732 751 794 et
781 729 822 794 ad
853 732 980 794 motum
1012 733 1045 793 et
1077 729 1118 793 ad

100 840 233 883 omnem
252 818 399 902 corporis
419 817 590 886 actionem.
626 817 699 882 Huc
719 816 800 882 adde
818 839 946 901 nervos,
965 817 1116 902 aquibus

100 909 195 970 artus
210 905 427 989 continentur,
442 927 618 990 eorumque
631 905 880 991 inplicationem
894 927 1029 990 corpore
1044 908 1116 970 toto

99 994 333 1146 pprtinefntplm,
357 993 412 1079 qui
435 994 520 1059 sicut
537 998 690 1146 venaedet
709 993 848 1147 artteriae
850 994 1000 1147 Aedcplrde
1018 993 1118 1059 tracti
1128 1056 1148 1116 5
1150 1053 1171 1117 6

63 1099 117 1147 1⁰e
182 1104 220 1147 ro
236 1104 272 1148 ee
321 1105 356 1147 1n
378 1104 416 1147 co
456 1104 495 1146 us
519 1104 615 1147 omne
658 1105 743 1148 uoun
758 1105 804 1147 ur.
950 1104 1009 1147 ano
1055 1104 1104 1146 ro-

99 1106 283 1235 vidiintiam
315 1105 455 1235 naturdli
485 1174 555 1235 tam
578 1171 767 1254 diligentem
793 1174 926 1254 tamque
949 1106 1172 1235 solleitem140

100 1258 239 1344 adiungi
261 1260 366 1324 multa
387 1263 535 1344 possunt,
558 1280 575 1323 e
598 1259 715 1343 quibus
733 1258 953 1344 intellegatur,
978 1263 1118 1342 quantae

99 1369 156 1412 res
178 1347 367 1413 hominibus
391 1349 425 1428 [a
447 1347 509 1428 dis]
535 1369 696 1431 quamque
719 1346 855 1411 eximiae
879 1347 1023 1411 tributae
1042 1345 1118 1410 sint.

10 1453 11 1460 ¹
102 1435 195 1511 Quae
224 1437 367 1520 primum
397 1457 451 1500 eos
481 1436 581 1500 humo
612 1437 769 1499 excitatos
800 1435 904 1499 celsos
931 1437 966 1499 et
993 1438 1118 1499 erectos

62 1540 87 1580 1⁵
102 1523 292 1607 constituit,
323 1527 361 1588 ut
388 1523 521 1589 deorum
551 1523 772 1609 cognitionem
799 1523 925 1587 eaelum
952 1522 1118 1587 intuentes

10 1681 11 1684 ,
103 1634 221 1696 capere
243 1615 387 1697 possent.
433 1610 516 1676 Sunt
539 1612 626 1676 enim
648 1633 687 1676 ex
710 1615 800 1676 terra
821 1610 969 1676 homines
992 1632 1059 1676 non
1081 1614 1119 1675 ut

102 1701 231 1765 incolae
261 1703 358 1785 atque
385 1700 603 1784 habitatores,
636 1701 692 1764 sed
719 1700 813 1784 quasi
839 1701 1040 1784 spectatores
1068 1721 1119 1765 su-

103 1811 259 1874 perarum
277 1811 386 1853 rerum
405 1792 503 1872 atque
522 1788 718 1870 caelestium,
742 1809 879 1871 quarum
898 1787 1119 1872 spectaculum

104 1878 147 1942 ad
173 1877 302 1941 nullum
330 1877 417 1943 aliud
440 1873 542 1962 genus
565 1875 779 1941 animantium
802 1876 952 1960 pertinet.
998 1873 1118 1940 Sensus

62 1983 89 2022 20
104 1969 217 2030 autem
239 1965 435 2050 interpretes
459 1987 497 2031 ac
518 1965 626 2029 nuntii
644 1987 752 2028 rerum
769 1964 805 2028 in
823 1964 930 2049 capite
947 1967 1119 2048 tamquam

102 2056 139 2119 in
166 2075 240 2118 arce
267 2053 401 2119 mirifice
430 2053 472 2117 ad
498 2075 576 2118 usus
603 2052 801 2118 necessarios
830 2055 863 2116 et
884 2051 965 2118 facti
989 2056 1022 2116 et
1044 2074 1118 2117 con-

103 2141 205 2207 locati
229 2145 312 2206 sunt.
347 2140 436 2206 Nam
459 2141 543 2207 oculi
565 2145 734 2224 tamquam
758 2140 978 2225 speculatores
998 2140 1119 2205 altissi-

103 2253 195 2296 mum
225 2229 333 2294 locum
363 2230 527 2314 obtinent,
559 2251 597 2294 ex
625 2250 688 2313 quo
716 2229 859 2314 plurima
881 2229 1118 2314 conspicientes

102 2319 284 2403 fungantur
303 2341 360 2383 suo
379 2340 526 2401 munere3
549 2321 582 2382 et
600 2339 703 2401 aures,
721 2339 795 2382 cum
813 2339 929 2382 sonum
942 2317 1108 2402 percipere
1120 2331 1169 2378 141

61 2423 89 2464 2⁵
103 2407 254 2489 debeant,
278 2405 333 2491 qui
354 2409 475 2470 natura
497 2406 557 2487 [in]
582 2405 720 2470 sublime
742 2405 854 2488 fertur,
877 2407 964 2470 recte
986 2405 1022 2469 in
1040 2404 1119 2469 altis

103 2517 277 2580 corporum
300 2494 450 2579 partibus
474 2495 650 2560 collocatae
675 2497 763 2576 sunt,
791 2493 936 2577 itemque
957 2513 1053 2556 nares
1076 2495 1119 2575 et,

103 2584 193 2668 quod
216 2583 322 2647 omnis
347 2583 427 2647 odor
450 2582 491 2647 ad
514 2604 631 2667 supera
652 2581 765 2665 fertur,
788 2584 876 2646 recte
895 2601 1023 2644 sursum
1043 2583 1119 2644 sunt

104 2675 146 2755 et,
171 2671 258 2755 quod
281 2671 345 2736 cibi
368 2674 401 2735 et
419 2665 562 2755 potionis
581 2669 736 2735 iudicium
754 2690 910 2754 magnum
929 2689 1040 2732 earum
1059 2671 1119 2750 est,

103 2782 172 2825 non
204 2759 273 2824 sine
306 2781 403 2824 causa
432 2759 634 2825 vicinitatem
662 2759 734 2823 oris
756 2760 885 2823 secutae
914 2759 999 2820 sunt.
1047 2754 1120 2820 Iam

62 2865 91 2906 ω
105 2851 272 2934 gustatus,
296 2848 352 2930 qui
375 2847 494 2912 sentire
518 2868 643 2930 eorum,
667 2846 785 2930 quibus
807 2843 977 2927 vescimur,
1000 2864 1121 2929 genera

104 2938 213 3020 debet,
233 2935 364 3000 habitat
385 2936 421 3000 in
444 2957 482 3000 ea
504 2939 598 3020 parte
622 2935 701 3016 oris,
726 2955 790 3017 qua
813 2931 984 2998 esculentis
1008 2935 1042 2996 et
1063 2954 1119 3017 po-

104 3024 242 3090 tulentis
264 3025 328 3088 iter
349 3028 468 3088 natura
490 3023 653 3108 patefecit.
690 3021 810 3086 Tactus
834 3024 944 3086 autem
961 3023 1033 3085 toto
1052 3042 1119 3085 cor-

38 3100 55 3126 *
103 3136 183 3198 pore
207 3113 423 3197 aequabiliter
444 3112 537 3176 lusus
561 3116 619 3195 est,
642 3114 679 3176 ut
703 3131 815 3176 omnes
837 3110 922 3174 ictus
942 3130 1119 3192 omnesque

104 3201 259 3266 minimos
283 3204 317 3266 et
338 3199 472 3286 frigoris
495 3203 529 3264 et
552 3199 669 3264 caloris
694 3200 849 3282 adpulsus
874 3197 993 3262 sentire
1016 3197 1119 3282 possi-

63 3305 90 3348 35
104 3311 187 3356 mus.
233 3288 343 3373 Atque
374 3291 412 3352 ut
442 3288 478 3351 in
510 3287 663 3353 aedificiis
696 3286 863 3352 architecti
895 3289 1046 3350 avertunt
1076 3286 1119 3351 ab

104 3377 208 3443 oculis
231 3377 429 3460 naribusque
453 3375 658 3440 dominorum
681 3397 727 3457 ea,
752 3396 833 3458 quae
852 3373 1048 3460 profluentia
1065 3395 1119 3438 ne

103 3466 248 3534 cessario
271 3464 371 3529 taetri
393 3467 502 3528 essent
525 3463 647 3548 aliquid
669 3462 832 3546 habitura,
855 3463 901 3528 sio
923 3466 1043 3527 natura
1065 3482 1119 3526 res

158 3577 215 3619 oro.
229 3578 299 3619 rur
887 3579 902 3621 r
