2610 3894
193 153 258 218 116
503 149 552 204 DE
572 149 726 205 NATURA
743 147 899 203 DEORUM

190 295 291 362 deus?
327 293 418 361 Haec
441 293 552 360 omnia
568 294 605 358 in
622 293 744 378 eodem,
767 315 832 377 quo
849 293 909 358 illa
923 292 1071 376 Zenonis,
1094 315 1208 359 errore

138 388 373 453 reversantur:
417 381 501 460 Quid
531 382 617 447 enim
640 383 684 446 rit
706 382 836 465 melius,
864 381 941 465 quid
963 380 1208 467 praestabilius
1296 383 1297 404 ²

192 474 270 559 quid
295 472 381 537 inter
407 475 560 536 naturam
588 473 621 535 et
648 470 809 535 rationem
831 469 975 555 intersit,
1002 491 1068 534 non
1091 469 1208 534 distin-

192 562 312 650 guitur.
348 560 512 644 Idemque,
535 559 564 623 si
587 558 639 624 dei
659 579 728 623 non
750 558 824 642 sint,
847 561 948 643 negat
971 578 1041 622 esse
1062 558 1097 622 in
1115 559 1209 623 omni

191 655 311 716 natura
348 648 520 734 quicquam
550 646 684 712 homine
716 647 846 730 melius;
881 646 915 710 id
947 648 1057 711 autem
1088 649 1208 731 putare
1240 671 1254 710 ⁵

192 758 389 823 quemquam
411 736 591 824 hominem,
613 733 697 799 nihil
718 734 851 800 homine
876 755 946 800 esre
970 735 1096 819 melius,
1120 756 1211 799 sum·

192 849 265 892 mae
299 824 513 910 adrogantiae
545 827 654 889 censet
687 844 766 888 esse.
821 821 872 887 Sit
904 844 982 887 sane
1014 823 1207 909 adrogantis

192 914 297 1001 pluris
325 933 360 977 se
386 915 503 997 putare
531 933 629 997 qnam
656 911 825 994 mundum3
853 915 888 974 at
914 911 997 975 illud
1019 933 1087 976 non
1108 911 1207 977 modo

192 1024 260 1068 non
287 1000 491 1086 adrogantis,
522 1000 578 1064 sed
604 998 715 1084 potius
742 998 925 1084 prudentis,
951 999 1143 1085 intellegere
1171 1021 1209 1065 se

193 1091 315 1156 hahere
343 1110 474 1154 sensum
496 1091 530 1153 et
552 1087 726 1172 rationem,
756 1087 837 1152 haec
860 1087 972 1152 eadem
995 1087 1148 1152 Orionem
1172 1092 1255 1153 etro
1298 1159 1299 1166 ¹

194 1178 384 1245 Caniculam
412 1198 478 1242 non
504 1175 633 1240 habere.
678 1175 736 1240 Et:
766 1172 818 1239 ‘si
846 1176 960 1241 domus
987 1175 1125 1261 pulchra
1153 1177 1209 1261 sit,

194 1267 425 1352 intellegamus
453 1287 525 1330 eam
554 1263 716 1348 dominis',
738 1263 858 1348 inquit,
888 1263 1103 1329 ‘aedificatam
1127 1286 1209 1349 esse,

193 1375 261 1420 non
282 1353 443 1437 muribus3
473 1353 519 1418 sic
541 1352 644 1439 igitur
666 1351 821 1417 mundum
845 1352 979 1417 deorum
1000 1352 1132 1418 domum
1156 1375 1210 1418 ex·
1298 1389 1299 1402 κ

195 1443 342 1508 istimare
365 1439 539 1506 debemus?
580 1439 634 1504 Ita
656 1461 790 1526 prorsus
811 1440 1041 1524 existimarem,
1063 1441 1093 1505 si
1111 1441 1209 1506 illum

196 1531 401 1597 aedificatum
433 1551 518 1614 esse,
548 1551 615 1594 non
646 1527 756 1614 (quem
789 1528 831 1592 ad
862 1529 994 1594 modum
1022 1526 1159 1616 docebo)
1188 1553 1210 1594 a
1227 1555 1255 1594 15

196 1624 314 1685 natura
337 1617 576 1684 conformatum
598 1621 758 1702 putarem.

263 1706 311 1772 At
329 1706 414 1771 enim
434 1706 562 1790 quaerit
581 1705 666 1790 apud
678 1704 929 1789 Xenophontem
944 1702 1103 1790 Socrates,
1122 1707 1209 1772 unde
1299 1701 1300 1726 ³

198 1797 342 1862 animum
366 1794 606 1909 arripuer'bmus,
630 1793 658 1857 si
680 1794 789 1858 nullus
812 1792 969 1858 fueritin
992 1795 1120 1860 mundo.
1162 1795 1210 1860 Et

197 1906 258 1971 ego
278 1904 408 1968 quaero,
430 1883 515 1947 unde
533 1881 723 1966 orationem,
746 1881 830 1947 unde
848 1903 1010 1966 numeros,
1032 1883 1116 1948 unde
1135 1906 1210 1949 oan-
1300 1941 1301 1948 ,

197 1978 265 2055 tus,
292 1970 357 2036 nisi
383 1992 461 2035 vero
488 1970 579 2054 loqui
607 1971 710 2035 solem
737 1991 810 2034 cum
837 1970 916 2034 luna
939 1974 1107 2056 putamuS,
1135 1995 1210 2036 cum
1227 1995 1256 2032 20
1300 1989 1301 2034 l

196 2059 332 2146 propius
352 2057 533 2142 accesserit,
553 2062 609 2122 aut
627 2058 669 2122 ad
686 2057 892 2122 harmoniam
910 2080 1025 2124 canere
1043 2060 1211 2145 mundum,

197 2153 235 2214 ut
257 2147 463 2233 Pythagoras
491 2146 665 2211 existimat.
711 2145 856 2210 Naturae
884 2146 949 2212 ista
978 2151 1068 2232 sunt,
1095 2147 1211 2233 Balbe,

196 2239 334 2315 naturae
356 2257 422 2300 non
445 2234 619 2299 artificiose
638 2233 845 2319 ambulantia,
868 2238 906 2299 ut
924 2235 970 2299 ait
989 2233 1084 2321 Zeno,
1107 2235 1212 2322 (quod

199 2325 329 2409 quidem
357 2324 452 2408 quale
481 2323 537 2406 sit,
565 2322 631 2388 iarn
658 2321 853 2408 videbimus)
883 2323 940 2388 sed
962 2324 1071 2389 omnia
1094 2325 1211 2390 cientis

147 2425 181 2476 28
201 2417 234 2478 et
257 2411 415 2499 agitantis
433 2411 577 2476 motibus
595 2415 629 2475 et
647 2411 883 2476 mutationibus
903 2411 979 2477 suis.
1014 2411 1131 2497 Itaque
1149 2413 1212 2479 illa
1227 2436 1256 2476 25

199 2502 281 2566 milri
303 2500 454 2586 placebat
478 2498 583 2564 oratio
608 2499 646 2562 de
669 2499 893 2564 convenientia
916 2521 1137 2585 consensuque
1155 2524 1213 2568 na·

198 2595 305 2673 turae,
336 2610 433 2673 quam
464 2587 557 2672 quasi
586 2588 779 2674 cognatione
807 2587 997 2653 continuata
1023 2589 1212 2675 conspirare

200 2678 338 2743 dicebas.
383 2674 472 2740 Illud
493 2697 560 2741 non
582 2677 772 2761 probabam,
799 2676 884 2760 quod
906 2678 1052 2762 negabas
1074 2678 1108 2742 id
1131 2681 1213 2745 acci·

201 2766 275 2830 dere
297 2765 453 2851 potuisse,
475 2763 540 2829 nisi
563 2786 601 2828 ea
623 2786 687 2829 uno
711 2763 820 2829 divino
844 2763 963 2848 spiritu
981 2766 1212 2832 contineretur.

199 2853 265 2918 Illa
291 2874 369 2918 vero
396 2853 548 2918 cohaeret
575 2856 608 2917 et
630 2856 799 2937 permanet
820 2856 957 2918 naturae
979 2854 1117 2939 viribuS,
1144 2877 1213 2922 non
1228 2877 1257 2916 eo

201 2942 344 3025 deorum,
366 2945 480 3025 estque
502 2941 537 3004 in
556 2962 594 3004 ea
611 2941 674 3005 iste
693 2939 787 3024 quasi
806 2961 990 3026 consensus,
1013 2964 1111 3027 quarn
1130 2961 1213 3028 συμ-

201 3026 349 3094 πάθειαν
369 3027 484 3094 Graeci
506 3031 638 3111 vocant,
662 3029 719 3092 sed
741 3050 788 3112 ea,
811 3049 875 3112 quo
894 3049 954 3095 sua
972 3035 1088 3115 sponte
1107 3031 1214 3097 maior

152 3120 322 3267 12estlplc
346 3116 452 3180 minus
477 3116 586 3181 divina
608 3115 735 3269 rgtione
750 3115 828 3267 (pieri
851 3117 1067 3183 existimanda
1090 3122 1149 3185 est.

150 3254 183 3302 29
203 3226 335 3357 modurii
359 3208 629 3358 iiiiiblbitidl'laesi
651 3205 1143 3379 iiiilldnisciiiipiiisebiiriiroiltuaelld1
1159 3210 1215 3384 sibl,
1231 3318 1258 3360 aa

202 3380 329 3445 nullum
359 3400 428 3444 esse
458 3399 575 3464 corpus
606 3380 852 3467 sempiternum,
884 3404 1000 3468 corpus
1029 3388 1139 3449 autern
1166 3386 1216 3451 in-

203 3467 342 3533 mortale
362 3468 489 3533 nullum
507 3488 587 3555 esse,
608 3488 649 3533 ne
668 3468 868 3534 individuum
887 3471 1025 3558 quidem,
1048 3495 1107 3538 nec
1126 3476 1217 3560 quod

145 1682 184 1744 11

144 1759 177 1807 ar
