2578 3874
318 128 386 185 mn.
405 129 452 185 vl.
477 128 554 184 θΑΡ.
573 134 687 183 21—26.
707 135 721 194 ε
740 133 854 182 23-28.
1025 125 1088 190 377

144 270 235 347 Quae
258 293 333 338 cum
351 271 494 356 dixisset,
516 270 589 357 Ego
607 292 695 356 vero,
718 271 861 355 inquam,
886 249 1143 356 Africane‚24l8)

79 361 239 444 siquidem
262 361 345 425 bene
367 360 493 426 meritis
517 360 556 424 de
578 359 688 444 patria
704 361 805 444 'quasi
827 360 921 424 limes
945 360 987 424 ad
1009 327 1135 425 eaeli26

79 449 204 514 aditum
222 451 324 534 patet,
344 470 542 532 quamquam
560 470 580 512 a
598 447 739 532 pueritia
756 447 905 534 vestigiis
923 447 1090 534 ingressus

78 538 183 622 patris
214 540 248 600 et
276 537 342 601 tuis
373 536 481 602 decori
507 540 617 601 vestro
643 558 710 601 non
738 535 837 619 defui,
869 558 954 600 nuno
980 539 1092 600 tamen
1137 579 1139 582 -

52 629 173 690 atanto
201 625 348 710 praemio
376 624 523 710 exposito
548 625 653 688 enitar
675 625 779 689 multo
802 623 1002 710 vigilantius.
1046 624 1092 689 Et

79 713 150 779 ille:
173 712 224 778 Tu
245 734 323 778 vero
347 713 469 778 enitere
492 717 526 778 et
548 713 595 778 sie
617 712 747 798 habeto,
769 734 837 778 non
859 734 929 777 θεεθ
952 716 985 778 ὴθ
1007 734 1092 778 mor·

78 803 188 884 talem,
212 800 269 866 sed
288 823 406 886 eorpus
424 802 500 884 hoo,
522 822 581 866 neo
599 802 687 866 enim
705 805 742 866 tu
760 801 789 866 is
809 822 852 885 es,
872 823 968 884 quem
984 801 1092 867 forma

78 891 144 955 ista
166 889 325 973 declarat,
353 890 410 954 aed
433 911 524 954 mens
548 889 701 973 cuiusque
723 891 752 954 is
775 894 827 954 θεὴ
847 889 999 974 quisque,
1026 912 1092 954 non

79 1001 118 1044 ea
143 977 265 1063 figrna,
293 999 375 1062 quae
397 977 503 1064 digito
526 977 744 1042 demonstrari
766 981 885 1062 potest.
930 977 1036 1042 Deum
1058 982 1092 1042 te

42 1067 181 1151 inigitur
209 1065 290 1131 seito
319 1087 403 1148 θεεθ,
433 1065 592 1150 siquidem
620 1070 671 1130 θεὴ
699 1067 790 1151 deus,
821 1067 877 1151 qui
903 1065 1007 1152 viget,
1037 1066 1093 1151 qui

79 1154 193 1237 sentit,
223 1154 280 1238 qni
306 1154 467 1236 meminit,
497 1154 553 1237 qui
579 1154 742 1238 providet,
771 1154 827 1239 qui
853 1158 922 1218 tam
950 1155 1037 1240 regit
1060 1157 1093 1220 et

78 1242 267 1307 moderatur
297 1246 330 1306 et
359 1247 470 1306 movet
498 1242 532 1306 id
559 1263 690 1326 corpur,
721 1243 772 1306 eui
799 1243 1004 1327 praepositus
1033 1248 1093 1327 est,

80 1352 178 1415 qnam
205 1329 292 1395 hune
318 1331 474 1394 mundum
500 1330 558 1394 ille
585 1330 736 1415 princeps
763 1331 855 1413 dena,
883 1334 916 1394 et
943 1335 980 1396 ut
1003 1353 1093 1396 mun-

79 1420 157 1484 dum
185 1439 225 1482 ex
252 1419 393 1502 quadam
419 1421 514 1503 parte
541 1419 715 1483 mortalem
738 1419 808 1504 ipae
831 1419 909 1483 deus
933 1423 1093 1504 aeternna,

42 1525 65 1566 ιε
79 1509 126 1572 sie
148 1505 268 1592 fragile
292 1527 409 1590 eorpus
431 1507 560 1571 animus
584 1507 800 1590 sempiternus
823 1510 943 1572 movet.

145 1593 234 1660 Nam
261 1595 348 1678 quod
376 1615 503 1679 semper
530 1598 693 1679 movetur,
721 1599 889 1660 aeternum
917 1599 980 1676 θεὴ;
1008 1571 1147 1697 ᾳθοόξξ

79 1688 191 1749 autem
218 1687 344 1747 motum
371 1683 478 1748 adfert
506 1683 617 1766 alicui,
646 1683 794 1767 quodque
816 1685 925 1766 ipsum
948 1683 1094 1770 agitatur

80 1772 221 1855 aliunde,
244 1771 372 1855 quando
395 1771 493 1834 finem
514 1770 615 1835 habet
633 1774 751 1855 motuS,
774 1771 904 1837 vivendi
921 1772 1019 1836 finem
1038 1774 1094 1837 ha-

78 1861 158 1925 beat
188 1880 320 1924 necesse
352 1862 411 1923 θεὴ.
460 1856 573 1923 Solum
605 1859 722 1944 igitur,
755 1860 841 1944 quod
873 1881 943 1925 εθεθ
975 1865 1094 1944 movet,

40 1969 65 2007 eo
79 1949 158 2032 quia
184 1969 364 2031 numquam
390 1947 551 2011 deseritur
580 1969 600 2010 a
627 1969 674 2030 se,
701 1969 880 2032 numquam
906 1969 947 2012 ne
970 1950 1095 2014 moveri

79 2036 211 2120 quidem
244 2035 376 2120 desinit3
409 2035 488 2118 quin
515 2035 614 2099 etiam
642 2036 772 2120 cetaria,
804 2058 886 2120 quae
914 2041 1094 2117 moventur,

77 2125 132 2190 hio
149 2123 234 2207 fone,
252 2123 314 2188 hoo
332 2123 527 2208 principium
546 2127 597 2202 est
615 2125 775 2189 movendi.
806 2122 963 2210 Principii
982 2129 1093 2190 autem

77 2213 173 2278 nulla
205 2215 256 2276 est
289 2213 396 2297 origo,
427 2233 504 2276 nam
537 2233 575 2275 ex
608 2212 766 2297 principio
798 2213 946 2277 oriuntur
976 2214 1094 2297 omnia,

78 2303 190 2386 ipsum
213 2303 323 2365 autem
346 2299 438 2364 nulla
461 2321 558 2364 exre
581 2299 646 2364 alia
668 2301 759 2365 nasei
781 2305 904 2385 potest,
926 2323 986 2367 nee
1008 2302 1095 2368 enim

17 2407 66 2494 ,aa
80 2393 170 2455 esset
192 2389 225 2452 id
248 2389 458 2474 principium,
485 2387 572 2471 quod
595 2388 785 2473 gigneretur
809 2389 952 2473 aliunde;
980 2391 1096 2475 quodsi

17 2495 19 2568 l
78 2499 260 2560 numquam
289 2477 407 2561 oritur,
432 2497 474 2540 ne
502 2476 619 2541 oceidit
647 2477 777 2560 quidem
799 2499 963 2560 nmquam.
1008 2477 1095 2543 Nam

79 2565 277 2650 principium
305 2565 501 2630 exstinctum
528 2585 587 2629 nee
614 2565 722 2650 ipsum
750 2565 791 2630 ab
820 2565 885 2630 alio
907 2571 1096 2632 renasoetnr

17 2723 18 2726 ,
79 2676 141 2720 nee
158 2675 199 2718 ex
217 2675 252 2718 εθ
267 2653 355 2718 aliud
369 2653 502 2737 creabit,
521 2652 679 2737 siquidem
692 2675 823 2718 neeesse
838 2658 888 2718 θεὴ
902 2675 922 2718 a
934 2654 1096 2740 principio

17 2753 18 2760 ’
80 2741 163 2808 oriri
185 2741 303 2807 omnia.
348 2741 401 2806 Ita
427 2741 479 2825 fit,
507 2745 545 2805 ut
567 2745 676 2807 motus
699 2742 895 2827 principium
919 2763 958 2806 ex
980 2763 1019 2808 eo
1043 2743 1102 2826 sit,

41 2830 170 2915 eoquod
192 2830 300 2915 ipsum
324 2851 344 2893 a
367 2851 401 2894 εθ
424 2833 588 2913 movetur3
610 2829 644 2894 id
667 2833 777 2894 autem
799 2852 858 2896 nee
875 2830 967 2896 nasei
984 2835 1096 2917 potest

78 2941 140 2984 nee
164 2918 262 3001 mori,
284 2918 338 2982 vel
360 2917 511 2983 concidat
530 2939 626 2982 omne
644 2919 772 2982 eaelum
790 2919 959 3002 omnisque
977 2922 1097 2984 natura

80 3012 114 3072 et
146 3006 306 3072 consistat
334 3027 465 3072 neeesse
493 3010 544 3070 θεὴ
570 3027 630 3072 neo
655 3006 724 3070 vim
750 3007 854 3072 ullam
881 3008 1097 3092 nanciscatur,

80 3117 147 3180 qua
170 3116 191 3159 a
212 3094 319 3179 primo
342 3095 474 3180 inpulsa
496 3097 675 3160 moveatur.

148 3179 233 3248 Cum
255 3187 369 3269 pateat
390 3183 493 3269 igitur
517 3186 685 3247 aeternum
706 3182 742 3246 id
764 3204 843 3267 esse,
867 3184 953 3267 quod
977 3206 996 3249 a
1017 3165 1152 3289 ueffilffg>

41 3289 65 3329 ευ
79 3271 155 3356 ipso
174 3275 353 3355 moveatur,
372 3271 445 3356 quis
464 3274 524 3354 est,
543 3272 598 3355 qui
616 3270 700 3336 hane
717 3275 870 3336 naturam
889 3272 1005 3336 animis
1025 3289 1097 3337 θεεθ

79 3359 244 3425 tributam
257 3360 377 3444 neget?
409 3358 596 3424 Inanimum
609 3363 660 3423 θεὴ
674 3360 760 3423 enim
773 3382 879 3444 omne,
897 3361 986 3445 quod
999 3362 1098 3445 pulsu

81 3448 231 3532 agitatur
264 3452 410 3531 extern03
443 3447 529 3532 quod
560 3451 670 3512 autem
698 3450 748 3512 est
776 3449 911 3533 animal,
943 3449 977 3512 id
1004 3453 1096 3513 motu
