2580 3874
327 1015 376 1088 M.
406 1015 568 1089 TULLII
595 1014 842 1091 CICERONIS

186 1166 285 1288 nn
323 1190 632 1290 NATURA
668 1191 980 1292 DEORUM

450 1378 500 1432 AD
514 1379 550 1433 li.
565 1379 719 1434 BRUTUM

412 1528 550 1588 LIBER
577 1527 757 1588 PRIMUS.

437 1809 734 1871 ARGUMENTUM.

147 1946 178 1998 In
200 1943 247 1998 his
269 1941 364 2008 libris,
389 1941 419 1996 in
438 1941 538 2010 quibus
558 1940 655 1997 Cicero
680 1942 736 1997 sibi
758 1958 868 1998 omnem
885 1942 944 2000 fere
962 1947 1090 2004 veterum

76 2015 310 2085 philosophorum
325 2013 474 2068 denatura
487 2013 603 2069 deorum
617 2012 774 2068 doctrinam
788 2013 982 2084 explicandam
996 2035 1089 2088 sump-

77 2087 126 2152 sit,
149 2085 223 2138 hanc
245 2083 387 2138 rationem
409 2084 521 2138 secutus
545 2085 600 2150 est,
619 2086 664 2151 ut,
688 2099 761 2152 quac
784 2083 916 2155 Epicurei
934 2086 969 2142 de
987 2090 1090 2144 nature

77 2155 193 2210 deorum
211 2154 382 2221 docuissent,
401 2170 435 2208 ea
453 2153 482 2208 Ο.
501 2153 620 2220 Velleio,
639 2154 666 2209 ei
684 2153 733 2223 qui
750 2170 824 2209 anno
842 2173 868 2210 u.
888 2173 912 2211 c.
931 2164 984 2212 664
1001 2159 1089 2214 tribu·

77 2229 173 2281 nutum
193 2225 320 2280 obtinuit
341 2226 372 2279 et
394 2223 464 2279 clari
485 2223 563 2279 illius
587 2225 705 2278 oratoris
724 2224 754 2277 L.
773 2225 875 2280 Licinii
894 2225 987 2282 Crassi
1008 2229 1089 2283 fumi-

76 2296 155 2351 lisris
171 2295 261 2350 fuisse
279 2293 383 2350 dicitur
401 2295 446 2363 (de
465 2311 503 2349 or.
523 2295 624 2350 11121.
644 2299 696 2365 ⁷8),
716 2296 881 2366 exponenda
898 2299 1035 2366 truderet,
1055 2316 1090 2354 es

77 2369 181 2434 sutem,
200 2382 272 2435 quae
286 2365 375 2420 Stoici
393 2365 429 2421 dc
445 2367 547 2420 nature
564 2365 680 2420 deorum
696 2366 915 2436 praecepissent,
934 2367 965 2433 Q.
979 2369 1088 2425 Lucilio

77 2437 175 2503 Balbo,
194 2453 279 2506 quem
297 2436 417 2491 eundem
434 2435 521 2491 etiem
538 2434 568 2490 in
581 2436 732 2491 Hortensio
750 2435 913 2506 loquentem
931 2438 1087 2507 induxerat,

77 2506 246 2578 explicanda
267 2505 355 2562 deret.
394 2505 498 2576 Contra
518 2505 571 2560 hos
593 2506 635 2560 itu
653 2506 844 2578 disputsntem
866 2508 936 2563 fecit
955 2508 983 2564 C.
1002 2512 1089 2565 Aure·

76 2578 146 2634 lium
165 2577 291 2645 Cottam,
310 2578 447 2633 oratorem
465 2593 522 2632 non
539 2576 707 2646 ignobilem,
730 2579 817 2644 ntis,
835 2595 907 2647 quse
925 2579 1090 2636 Academici

77 2649 112 2704 de
136 2651 240 2703 natura
265 2649 380 2702 deorum
405 2648 579 2714 docuissent,
605 2649 754 2704 enumeret.
790 2648 849 2704 Hos
875 2650 933 2705 tres
960 2650 1089 2707 homines

76 2719 152 2791 apud
175 2718 203 2774 G
230 2717 342 2774 Cottum
365 2717 444 2773 feriis
466 2717 575 2772 Latinis
599 2717 674 2772 inter
698 2735 800 2773 annum
824 2736 851 2775 u.
871 2736 894 2776 c.
914 2726 965 2775 676
989 2722 1019 2775 et
1041 2738 1089 2776 sn·

76 2807 143 2844 num
167 2796 220 2846 679
243 2789 318 2843 inter
339 2805 369 2844 se
392 2789 426 2844 de
449 2791 551 2844 nature
575 2788 691 2844 deorum
716 2789 908 2857 colloquentes
931 2790 1001 2844 fecit
1025 2791 1088 2862 ipso

77 2860 220 2925 audiente,
239 2876 303 2913 cum
320 2859 405 2930 paulo
427 2862 493 2915 ante
510 2859 542 2914 in
559 2857 677 2914 Graecia
695 2859 789 2915 studio
806 2860 1004 2932 philosophiae
1023 2880 1089 2932 ope-

76 2948 136 2985 ram
162 2930 295 2986 dedisset
327 2929 480 2986 ,Scribebat
501 2931 596 2985 sutem
619 2930 672 2985 hos
696 2930 797 2999 libros,
822 2933 855 2985 ut
873 2931 970 3002 colligi
992 2935 1089 3003 potest

516 3001 587 3141 {u
604 3007 702 3126 eu
722 3001 964 3128 essunt
983 3004 1090 3130 ure

77 3141 203 3198 absolvit
222 3142 298 3197 certe
316 3129 466 3198 ente'ldus
479 3141 595 3197 Murtias
613 3115 724 3196 anni'u.
744 3159 767 3197 c.
784 3149 844 3209 710,
863 3144 896 3197 ut
912 3117 1090 3215 intellegitui·

77 3229 111 3267 ex
127 3213 177 3268 lib.
192 3214 206 3267 Ι
225 3229 287 3283 esp.
302 3219 320 3267 4
337 3219 353 3280 §
368 3221 392 3268 7.
424 3215 456 3267 ln
473 3212 529 3267 hoc
546 3213 641 3267 autem
658 3212 731 3268 libro
748 3212 839 3283 primo
854 3213 890 3268 de
907 3217 1007 3269 nature
1020 3215 1088 3270 deo-

77 3301 144 3352 rum,
164 3299 236 3354 quos
253 3283 334 3337 misit
350 3283 387 3338 ad
403 3283 441 3337 M.
456 3284 581 3351 Brutum,
599 3299 683 3352 quem
700 3284 814 3339 constat
830 3283 859 3337 in
873 3284 1090 3366 Graeculphilo-
1123 3331 1127 3336 .

78 3354 177 3424 sophie
202 3354 400 3425 cognoscenda
422 3354 543 3408 multum
565 3353 703 3423 temporis
728 3369 884 3424 operaeque
909 3372 1036 3425 posuisse
1059 3359 1090 3411 et

77 3425 169 3494 ipsum
186 3425 292 3480 librum
311 3424 347 3480 de
364 3425 469 3479 virtuts
489 3425 688 3496 composuisse,
705 3424 736 3477 in
753 3424 816 3494 ipso
834 3428 977 3496 prooemio
996 3426 1032 3480 sd
1050 3426 1088 3480 II„

77 3495 191 3551 Brutum
210 3495 318 3566 scripto
332 3497 369 3551 Μ.
384 3495 492 3550 Tullius
510 3495 546 3551 de
565 3512 672 3550 summa
686 3493 852 3550 difficultate
871 3497 901 3551 et
918 3496 1089 3551 obscuritate

127 3603 182 3647 010.
194 3605 239 3646 IV.
257 3605 278 3644 2.
860 3590 874 3637 1
