2498 3880
195 174 258 239 148
547 170 597 226 DE
615 169 858 226 DIVlNATIONE

193 317 372 404 disputatio
400 315 463 381 tibi
488 314 568 401 ipsi,
597 314 691 380 utin
713 318 857 380 extremo
880 315 980 380 tertio
1004 317 1134 402 scribis,
1164 318 1202 382 ad

193 407 365 473 veritatem
388 408 439 470 est
460 403 533 469 visa
554 402 754 489 propensior.
795 400 867 488 Sed,
890 402 976 488 quod
997 406 1201 490 praetermis·

193 517 265 561 sum
291 497 342 559 est
369 491 497 558 inillis
525 490 619 556 libris
647 488 769 576 (credo,
797 491 874 576 quia
896 493 1096 559 commodius
1121 494 1201 558 arbi-

191 587 299 649 tratus
323 603 357 648 es
380 579 558 666 separatim
580 578 614 644 id
633 579 745 663 quaeri
762 579 865 664 deque
886 601 924 646 eo
943 579 1083 666 disseri),
1100 582 1136 647 id
1155 585 1201 647 est

193 673 232 737 de
255 670 463 754 divinatione,
486 689 569 752 quae
592 670 644 732 est
666 689 778 732 earum
800 690 918 753 rerum,
941 691 1024 753 quae
1045 668 1200 736 fortuitae
1220 691 1230 730 ⁵

192 763 362 846 putantur,
391 755 569 843 praedictio
597 758 696 840 atque
723 757 926 842 praesensio,
954 756 1001 842 id,
1031 757 1061 822 si
1087 759 1200 844 placet,

192 848 359 914 videamus
388 867 486 930 quam
508 844 632 909 habeat
653 843 722 910 vim
745 847 779 909 et
802 845 898 929 quale
921 845 974 910 sit.
1019 845 1094 934 Ego
1118 848 1200 913 enim

193 937 240 1002 sic
263 935 422 1018 existimo,
445 932 475 999 si
497 932 565 997 sint
588 955 626 997 ea
647 953 767 1018 genera
784 932 951 998 divinandi
968 956 1054 1019 vera,
1079 934 1119 1000 de
1138 935 1200 1020 qui·

192 1025 254 1089 bus
274 1022 453 1108 accepimus
473 1042 619 1106 quaeque
634 1021 780 1106 colimus,
799 1042 869 1087 esse
884 1022 970 1108 deos,
987 1022 1199 1108 vicissimque,

142 1079 175 1203 ᾗ)
194 1113 222 1178 si
245 1112 278 1177 di
301 1111 375 1196 sint,
398 1131 468 1175 esse
492 1108 548 1193 qui
572 1109 724 1174 divinent.
764 1109 884 1177 Arcem
906 1113 944 1175 tu
966 1110 1098 1194 quidem
1121 1109 1229 1176 Stoi-u

192 1223 313 1284 corum,
335 1199 478 1283 inquam,
501 1195 627 1282 Quinte,
649 1197 803 1282 defendis,
827 1198 987 1283 siquidem
1006 1199 1074 1264 ista
1091 1199 1139 1266 sic
1156 1221 1198 1264 re-

193 1289 412 1375 ciprocantur,
439 1289 476 1352 ut
504 1289 550 1370 et,
578 1286 607 1351 si
634 1285 791 1352 divinatio
814 1287 872 1371 sit,
901 1286 934 1350 di
956 1287 1022 1352 sint
1045 1291 1093 1373 et,
1121 1288 1149 1354 si
1170 1288 1200 1351 di

193 1378 269 1462 sint,
292 1376 336 1441 sit
354 1373 521 1440 divinatio.
558 1372 701 1449 Quorum
718 1378 870 1440 neutrum
888 1379 959 1440 tam
975 1374 1083 1460 facile,
1106 1398 1197 1462 quam
1241 1437 1242 1458 ,

192 1470 230 1531 tu
258 1463 441 1547 arbitraris,
469 1463 663 1528 conceditur.
708 1461 795 1528 Nam
823 1467 857 1528 et
883 1467 1003 1529 natura
1025 1464 1198 1550 significari
1241 1467 1242 1542 l

192 1554 304 1619 futura
327 1552 397 1618 sine
419 1552 479 1616 deo
502 1555 641 1636 possunt
664 1554 707 1636 et,
728 1555 767 1616 ut
785 1551 851 1617 sint
870 1551 912 1637 di,
934 1555 1046 1637 potest
1063 1553 1144 1639 fieri,
1166 1556 1197 1617 ut
1208 1551 1242 1611 ιεξ

192 1643 285 1708 nulla
307 1642 348 1706 ab
371 1640 412 1704 iis
435 1639 592 1705 divinatio
617 1639 727 1726 generi
749 1640 892 1706 humano
910 1641 1036 1706 tributa
1056 1641 1110 1706 sit.
1145 1640 1197 1706 Ae

194 1752 255 1816 que
274 1729 343 1794 ille:
366 1727 449 1793 Mihi
466 1749 553 1811 vero,
571 1727 687 1812 inquit,
707 1728 788 1793 satis
807 1733 858 1794 est
876 1730 1063 1815 argumenti
1081 1734 1115 1796 et
1133 1751 1196 1796 esse

194 1820 271 1883 deos
291 1821 324 1882 et
342 1838 397 1882 eos
411 1816 578 1882 consulere
592 1816 689 1881 rebus
702 1816 862 1901 humanis,
881 1817 966 1902 quod
981 1839 1052 1883 esse
1067 1820 1156 1884 clara
1169 1821 1196 1882 et

192 1905 365 1993 perspicua
387 1904 595 1970 divinationis
619 1925 739 1990 genera
760 1905 875 1970 iudico.
911 1905 960 1971 De
983 1907 1103 1990 quibus
1127 1906 1197 1993 quid

192 1996 263 2080 ipse
286 1993 433 2078 sentiam,
459 1992 488 2058 si
509 1992 626 2078 placet,
650 2014 818 2078 exponam,
839 1993 888 2058 ita
909 1997 1029 2080 tamen,
1054 1996 1083 2060 si
1106 2013 1225 2062 vaeasw

194 2083 302 2148 animo
324 2103 428 2167 neque
450 2080 552 2147 habes
576 2080 712 2166 aliquid,
740 2081 825 2165 quod
847 2080 923 2148 huie
946 2084 1089 2149 sermoni
1112 2106 1196 2171 prae

142 2186 174 2235 11
193 2170 383 2238 vertendum
411 2173 515 2256 putes.
564 2167 638 2255 Ego
667 2190 760 2253 vero,
788 2169 935 2255 inquam,
963 2170 1195 2258 philosophiae,

194 2259 326 2343 Quinte,
358 2279 486 2344 semper
515 2278 608 2341 vaco,
640 2257 703 2324 hoc
730 2261 838 2324 autem
866 2261 1027 2344 tempore,
1058 2283 1130 2326 cum
1159 2261 1196 2325 sit

192 2348 276 2414 nihil
299 2346 397 2431 aliud,
420 2345 506 2432 quod
527 2346 678 2411 lubenter
700 2367 796 2433 agere
814 2347 949 2432 possim,
971 2349 1196 2435 multomagis
1240 2367 1241 2376 ¹

193 2458 273 2503 aveo
297 2435 416 2520 audire,
439 2435 478 2500 de
501 2434 698 2500 divinatione
722 2433 800 2520 quid
822 2435 953 2500 sentias.
1206 2451 1224 2490 2⁵

259 2524 360 2609 Nihil,
382 2523 498 2608 inquit,
521 2522 669 2607 equidem
685 2523 771 2606 novi,
789 2545 848 2588 nec
867 2523 953 2608 quod
969 2529 1102 2610 praeter
1120 2529 1194 2592 cete

192 2634 247 2678 ros
265 2613 336 2698 ipse
355 2611 508 2695 sentiam,
528 2632 604 2675 nam
623 2632 697 2676 cum
715 2611 976 2695 antiquissimam
995 2615 1194 2696 sententiam,

191 2706 263 2767 tum
287 2699 432 2765 omnium
454 2700 648 2784 populorum
670 2703 704 2763 et
727 2699 873 2785 gentium
890 2721 1050 2766 consensu
1068 2723 1195 2788 conpro-

192 2791 305 2855 batam
329 2808 454 2873 sequor.
489 2785 562 2851 Duo
586 2790 663 2851 sunt
683 2786 768 2851 enim
787 2786 953 2854 divinandi
972 2810 1102 2876 genera,
1125 2811 1194 2876 quo

142 2892 174 2940 12
193 2900 267 2943 rum
299 2877 439 2942 alterum
470 2874 552 2939 artis
582 2877 645 2959 est,
677 2875 816 2940 alterum
842 2879 987 2942 naturae.
1034 2877 1124 2954 Quae
1149 2881 1222 2943 estu

194 2969 303 3031 autem
331 2985 410 3052 gens
438 2966 495 3030 aut
523 2984 604 3047 quae
632 2962 759 3048 civitas,
788 2985 870 3048 quae
900 2986 968 3030 non
989 2969 1048 3031 aut
1071 2965 1193 3051 extispi·
1239 2987 1240 3038 ς

194 3076 267 3120 cum
291 3057 347 3117 aut
364 3055 513 3118 monstra
535 3055 592 3116 aut
614 3051 745 3138 fulgora
767 3051 1053 3138 interpretantium
1073 3059 1130 3120 aut
1147 3077 1193 3119 au·
1239 3063 1240 3092 l

193 3162 311 3228 gurum
341 3144 398 3206 aut
427 3141 669 3226 astrologorum
699 3144 755 3206 aut
782 3141 921 3207 sortium
948 3139 1001 3228 (ea
1024 3143 1112 3208 enim
1132 3142 1191 3207 fere

193 3229 275 3294 artis
303 3227 392 3316 sunt)
420 3232 477 3293 aut
504 3228 704 3294 somniorum
730 3231 787 3294 aut
813 3229 1085 3296 vaticinationum
1108 3229 1192 3317 (haec

193 3317 279 3382 enim
303 3316 365 3383 duo
387 3316 551 3383 naturalia
573 3315 744 3402 putantur)
766 3318 987 3402 praedictione
1007 3317 1221 3387 moveaturvc

193 3403 337 3481 Quarum
363 3403 492 3489 quidem
519 3427 628 3470 rerum
655 3407 770 3469 eventa
797 3407 902 3493 magis
932 3407 1076 3473 arbitror
1103 3427 1189 3494 quam

192 3515 305 3560 causas
329 3493 441 3579 quaeri
464 3496 622 3578 oportere.
659 3492 721 3558 Est
745 3493 831 3560 enim
849 3495 898 3560 vis
918 3499 951 3561 et
966 3499 1088 3562 natura
1107 3517 1192 3582 quae·
