2498 3880
136 191 138 196 ,
192 133 258 197 226
543 131 593 186 DE
611 131 853 188 DIVINATIONE

172 278 268 342 tur?
292 281 349 342 aut
370 299 449 342 num
471 277 635 362 plerisque
657 275 693 342 in
714 277 811 342 rebus
835 278 981 362 sequitur
1000 300 1110 343 eorum
1126 299 1190 343 auc

191 365 361 431 toritatem
388 365 586 431 multitudo?
623 364 707 441 Quid
739 365 858 430 mirum
885 366 1000 450 igitur,
1032 367 1061 430 si
1086 366 1119 431 in
1142 389 1190 431 au·

193 454 303 539 spiclis
331 457 363 518 εὴ
390 454 426 518 in
452 453 542 519 omni
568 453 768 519 divinatione
794 454 939 518 inbecilli
967 454 1068 519 animi
1093 475 1191 540 supcr-

192 543 324 608 stitiosa
344 541 411 607 ista
433 541 627 626 concipiant,
649 562 762 606 verum
785 541 942 628 dispicere
963 565 1030 607 non
1052 543 1190 628 possint?

138 644 173 694 82
193 629 282 706 Quae
305 633 415 695 autem
438 634 489 695 est
506 630 592 694 inter
611 636 749 714 augures
767 631 960 695 conveniens
981 635 1014 695 et
1032 631 1212 696 coniuncta⁵
1234 699 1235 720 ,

191 718 397 871 qpnstantia?
443 718 496 782 Ad
510 763 512 768 -
527 718 633 782 nostri
666 717 793 803 augurii
824 719 1090 784 consuetudinem
1119 719 1191 783 dixit

221 829 330 871 nurus:

236 912 328 977 Tum
352 912 483 978 tonuit
505 912 656 978 laevum
679 913 775 978 bene
797 916 1035 998 tempestate
1058 935 1192 978 serena.
1235 897 1236 990 l

195 1017 239 1084 lt
261 1017 452 1084 Homericus
476 1017 560 1083 Aiax
589 1018 675 1103 apud
698 1017 862 1084 Achillem
890 1040 1027 1102 querens
1056 1019 1094 1083 de
1118 1018 1192 1084 fero

192 1107 291 1172 citato
314 1105 529 1171 Troianorum
551 1107 660 1172 nescio
684 1107 846 1191 quidhoc
868 1106 964 1171 modo
987 1108 1128 1171 nuntiat:
1203 1123 1237 1182 1⁰1

235 1211 428 1298 Prospera
441 1212 620 1298 Iuppiter
637 1212 697 1278 his
712 1213 860 1278 dextris
873 1212 1192 1298 fulgoribusedit.

59 1420 62 1426 Ι
191 1337 244 1402 Ita
256 1336 351 1401 nobis
367 1335 499 1400 sinistra
512 1336 671 1419 videntur,
686 1333 793 1400 Graiis
808 1338 841 1399 et
854 1335 1005 1400 barbaris
1015 1335 1127 1402 dextra
1136 1359 1193 1401 me

192 1427 284 1491 liora.
311 1423 514 1508 Quamquam
530 1424 619 1489 haud
631 1425 758 1510 ignoro,
777 1445 858 1509 quae
873 1423 960 1488 bona
974 1424 1050 1509 sint,
1069 1425 1192 1490 sinistra
1237 1455 1238 1476 2

192 1536 252 1579 nos
275 1513 388 1596 dicere,
412 1513 542 1577 etiamsi
564 1512 678 1577 dextra
701 1512 781 1596 sint3
810 1511 866 1576 sed
889 1516 976 1591 certe
997 1514 1104 1578 nostri
1125 1514 1193 1578 sini-

193 1607 297 1668 strum
314 1601 564 1666 nominaverunt
582 1601 769 1684 externique
788 1600 947 1684 dextrum,
969 1601 1046 1685 quia
1063 1603 1192 1686 plerum·
1203 1615 1221 1654 1⁵

136 1703 173 1752 aa
194 1712 256 1776 que
282 1689 316 1753 id
339 1689 455 1753 melius
478 1690 657 1754 videbatur.
698 1688 788 1754 Haec
811 1693 934 1774 quanta
957 1689 1115 1756 dissensio
1137 1691 1192 1754 est!
1238 1753 1239 1762 ,

192 1778 297 1855 Quid?
328 1777 414 1863 quod
441 1777 514 1842 aliis
543 1778 657 1842 avibus
686 1781 835 1860 utuntur,
863 1776 937 1842 aliis
961 1777 1078 1863 signis,
1106 1779 1193 1844 aliter
1238 1773 1239 1788 ³

193 1868 381 1950 observant,
416 1866 481 1930 alia
515 1865 724 1951 respondent,
760 1887 827 1931 non
860 1887 991 1930 necesse
1021 1870 1072 1931 est
1104 1865 1193 1931 fateri

191 1954 313 2042 partim
340 1954 457 2018 horum
485 1976 593 2019 errore
622 1958 807 2038 susceptum
835 1975 919 2037 csse,
946 1955 1070 2039 partim
1093 1977 1193 2040 super·
1239 2029 1240 2034 γ

193 2044 336 2126 stitione,
359 2043 463 2106 multa
485 2042 651 2107 fallendo?
1203 2039 1240 2094 2⁰³

141 2131 182 2195 40
249 2131 357 2216 Atque
370 2130 422 2195 his
437 2130 720 2215 superstitionibus
733 2152 800 2195 non
814 2130 971 2195 dubitasti
981 2130 1081 2196 etiam
1090 2131 1193 2196 omina

193 2220 375 2306 adiungere.
412 2218 554 2283 Aemilia
570 2217 673 2284 Paulo
691 2217 825 2283 Persam
848 2219 981 2304 perisse,
1003 2219 1090 2304 quod
1107 2223 1193 2304 pater

193 2331 288 2374 omen
320 2308 457 2393 accepit3
489 2306 632 2372 Caecilia
665 2329 699 2372 se
730 2306 851 2372 sororis
883 2306 971 2371 filiae
1003 2307 1094 2371 sedes
1125 2328 1193 2372 suas

191 2397 328 2462 tradere.
373 2395 444 2460 Iam
476 2395 548 2460 illa:
580 2395 721 2461 Favete
753 2393 901 2480 linguis
931 2399 964 2458 et
994 2417 1193 2481 praeroga·

192 2487 325 2569 tivam,
345 2505 453 2549 omen
471 2484 725 2549 comitiorum.
753 2483 825 2547 Hoc
844 2486 895 2547 est
912 2483 1020 2567 ipsum
1039 2505 1107 2548 esse
1128 2493 1221 2550 con-²⁵

191 2578 246 2639 tra
272 2595 307 2637 sc
334 2573 501 2656 copiosum
525 2576 558 2636 et
581 2572 745 2636 disertum.
791 2569 925 2646 Quando
950 2572 1037 2636 enim
1058 2573 1123 2636 ista
1146 2573 1193 2636 ob

191 2683 325 2727 servans
345 2660 454 2744 quieto
474 2664 507 2724 et
524 2661 628 2725 libero
648 2660 756 2724 animo
776 2681 845 2723 esse
863 2659 995 2744 poteris,
1017 2663 1055 2724 ut
1073 2661 1113 2724 ad
1131 2682 1194 2724 rem

193 2749 367 2835 gerendam
398 2770 465 2812 non
496 2749 761 2834 superstitionem
788 2747 924 2832 habeaS,
956 2748 1013 2812 sed
1041 2749 1193 2813 rationem

193 2837 328 2902 ducem?
364 2835 479 2901 Itane?
510 2837 538 2901 si
568 2837 641 2922 quis
671 2836 794 2921 aliquid
822 2857 860 2899 ex
888 2857 947 2900 sua
974 2858 1009 2900 re
1037 2841 1134 2922 atque
1161 2857 1193 2901 ex

193 2947 251 2990 suo
280 2946 428 2989 sermone
453 2925 570 2990 dixerit
593 2929 626 2989 et
649 2925 717 2989 eius
740 2925 875 2990 verbum
898 2924 1032 3008 aliquod
1055 2932 1129 3010 apte
1152 2935 1220 2990 ccssl

193 3013 307 3079 ciderit
330 3013 370 3076 ad
392 3013 434 3095 id,
458 3013 544 3097 quod
567 3035 644 3099 ages
668 3017 724 3078 aut
743 3012 913 3098 cogitabis,
936 3033 975 3078 ea
993 3034 1046 3078 res
1063 3014 1125 3079 tibi
1144 3016 1193 3078 aut

140 3111 174 3160 84
192 3102 343 3166 timorem
376 3101 500 3166 adferet
532 3106 588 3166 aut
621 3101 844 3166 alacritatem?
883 3099 964 3166 Cum
992 3100 1036 3166 M.
1064 3101 1193 3168 Crassus

193 3189 369 3254 exercitum
381 3188 547 3254 Brundisii
565 3191 742 3275 inponeret,
761 3189 892 3273 quidam
910 3189 945 3252 in
963 3194 1062 3274 portu
1080 3191 1193 3256 caricas

193 3276 305 3342 Cauno
333 3277 484 3343 advectas
508 3278 648 3343 vendens
671 3276 843 3342 Cauneas
867 3277 1067 3343 clamitabat.
1108 3279 1193 3343 Diea-

193 3387 273 3449 mus,
297 3365 325 3430 si
347 3366 465 3451 placet,
488 3367 647 3431 monitum
670 3366 711 3430 ab
735 3387 773 3430 eo
792 3364 955 3449 Crassum,
979 3371 1134 3433 careret
1155 3375 1221 3430 ne³⁵

191 3454 281 3536 iret;
303 3477 369 3520 non
391 3454 491 3518 fuisse
514 3455 702 3539 periturum,
726 3452 754 3517 si
778 3454 878 3518 omini
900 3455 1072 3540 paruisset.
1113 3454 1192 3532 Quae
