2610 3894
323 197 392 255 ΗΒ.
411 199 459 256 111.
487 198 563 255 OAP.
583 205 696 254 ee-as.
721 203 869 265 sse-os.
1042 199 1106 265 139

86 365 168 427 que,
202 365 277 409 cum
308 341 339 407 ei
369 343 541 429 naviganti
570 346 716 409 vectores
745 345 882 409 adversa
908 346 1107 429 tempestate

85 431 201 496 timidi
224 434 258 496 et
273 431 447 516 'perterriti
470 432 612 498 dicerent
633 453 700 498 non
722 431 841 498 iniuria
864 432 929 497 sibi
950 432 1033 497 illud
1056 453 1107 498 ac·

86 520 207 599 cidere,
231 521 288 604 qui
309 519 404 584 illum
426 520 462 584 in
482 520 617 585 eandem
634 542 752 586 navem
770 521 977 605 recepissent,
1000 524 1106 586 osten-

88 609 139 673 dit
169 609 218 673 eis
240 608 276 673 in
298 607 411 674 eodem
434 630 531 674 cursu
553 609 675 674 multas
699 609 781 674 alias
804 609 987 675 laborantis
1011 631 1107 694 quae

61 697 249 782 ⁵sivitque,
279 719 358 762 num
391 696 491 762 etiam
521 697 557 763 in
588 697 628 762 iis
657 697 796 763 navibus
823 697 1004 783 Diagoram
1030 697 1108 762 vehi

89 786 270 851 crederent.
316 783 369 850 Sic
397 786 484 851 enim
511 807 563 856 res
592 808 627 850 se
649 786 764 871 habet,
790 789 828 850 ut
851 787 893 851 ad
915 808 1107 872 prosperam

89 875 305 940 adversamve
327 873 505 959 fortunam,
528 874 635 958 qualis
659 875 704 938 sis
723 877 781 941 aut
800 896 896 958 quem
915 874 1107 940 admodum

87 963 222 1047 vixeris,
239 962 322 1027 nihil
340 963 479 1028 intersit.
515 961 593 1028 Non
611 963 882 1047 animadvertunt,
904 963 1021 1047 inquit,
1040 985 1107 1028 om·
1126 978 1160 1027 90

88 1051 147 1116 nia
178 1050 225 1135 di,
253 1073 294 1116 ne
323 1073 417 1137 reges
448 1051 587 1136 quidem.
635 1050 719 1128 Quid
748 1056 799 1116 est
829 1051 958 1117 simile?
999 1051 1107 1136 Reges

53 1157 76 1196 1⁰
90 1140 182 1204 enim
205 1139 234 1205 si
257 1139 394 1206 seientes
416 1140 698 1226 praetermittunt,
721 1161 844 1226 magua
865 1141 962 1225 culpa
984 1144 1049 1225 est,
1072 1142 1108 1205 at
1117 1145 1160 1211 38

90 1229 154 1294 deo
183 1248 225 1293 nc
258 1227 422 1294 excusatio
447 1229 577 1314 quidem
600 1232 650 1294 est
673 1229 872 1294 inscientiae.
918 1226 1021 1303 Quem
1048 1249 1108 1293 vos

89 1317 260 1403 praeclare
280 1316 461 1402 defenditis,
479 1339 553 1382 cum
572 1317 679 1382 dicitis
698 1339 769 1384 eam
788 1317 856 1382 vim
875 1317 1009 1382 deorum
1028 1338 1108 1401 esse,

90 1410 143 1490 ut,
174 1405 305 1470 etiamsi
332 1407 404 1490 quis
432 1410 538 1470 morte
561 1427 683 1491 poenas
707 1405 837 1472 sceleris
861 1405 1025 1491 effugerit,
1056 1426 1109 1469 ex·

90 1496 249 1580 petantur
271 1516 328 1560 cae
348 1515 472 1579 poenae
491 1517 511 1559 a
529 1494 651 1579 liberis,
673 1516 694 1559 a
711 1493 895 1578 nepotibus,
918 1516 939 1558 a
956 1492 1108 1578 posteris.

52 1582 120 1648 1⁵0
149 1582 267 1647 miram
295 1583 494 1668 aequitatem
523 1583 669 1648 deorum!
712 1581 867 1648 Ferretne
895 1581 1011 1668 civitas
1038 1582 1109 1646 ulla

91 1671 235 1736 latorem
257 1671 353 1736 istius
377 1671 466 1737 modi
484 1671 577 1758 legis,
599 1675 638 1736 ut
656 1670 1030 1736 condemnaretur'filius
1050 1673 1108 1735 aut

91 1780 205 1845 nepos,
229 1759 258 1824 si
279 1763 375 1844 pater
398 1764 455 1826 aut
478 1782 558 1825 avus
582 1759 795 1843 deliquisset?

161 1880 321 1958 Quinam
344 1882 640 1950 Tantalidarum
663 1881 927 1949 internecioni
948 1882 1081 1948 modus

160 1969 347 2038 Paretur?
375 1976 441 2038 aut
465 1993 654 2058 quaenam
674 1976 852 2057 umquam
876 1972 925 2079 oh
946 1976 1108 2074 mortem

55 2165 81 2205 2⁰
160 2146 306 2215 Poenis
329 2148 482 2214 luendis
507 2149 663 2214 dabitur
687 2149 810 2216 satias
835 2059 1028 2234 sdirhlidil?

94 2289 215 2356 Utrum
246 2294 362 2376 po‘e'tae
390 2288 517 2356 Stoicos
548 2291 770 2376 depravarint,
804 2313 846 2356 an
873 2289 975 2357 Stoici
1001 2290 1108 2375 poetis
1128 2305 1161 2354 er

95 2379 242 2444 dederint
275 2379 519 2465 auctoritatem,
550 2401 617 2445 non
647 2379 744 2445 facile
774 2379 924 2463 dixerim3
955 2383 1110 2464 portenta

96 2468 182 2532 enim
211 2468 252 2533 ab
279 2467 427 2552 utrisque
453 2471 487 2532 et
515 2467 643 2554 flagitia·
670 2467 829 2534 dicuntur,
875 2466 990 2551 Neque
1014 2465 1110 2550 enim,

96 2577 192 2640 quem
205 2555 422 2642 Hipponactis
440 2556 568 2622 iambus
588 2556 737 2640 laeserat,
755 2559 813 2622 aut
832 2556 888 2641 qui
907 2558 977 2620 erat
995 2553 1111 2619 Archi·

58 2661 84 2702 2⁵
97 2644 184 2712 lochi
205 2667 301 2711 versu
324 2646 522 2729 volneratus,
545 2667 566 2710 a
588 2645 647 2710 deo
670 2644 842 2710 inmissum
867 2644 1021 2726 dolorem,
1042 2663 1111 2707 non

97 2737 288 2818 conceptum
315 2755 336 2799 a
362 2755 397 2800 se
423 2734 496 2818 ipso
524 2733 727 2817 continebat,
753 2753 827 2818 nec,
855 2754 928 2798 cum
955 2729 1111 2816 Aegisthi

97 2821 265 2887 libidinem
288 2825 346 2888 aut
368 2844 442 2888 cum
460 2821 587 2886 Paridis
609 2821 767 2907 videmus,
790 2843 810 2885 a
834 2821 892 2885 deo
912 2840 1044 2885 oausam
1061 2840 1111 2884 re-

98 2910 265 2995 quirimus,
287 2933 361 2976 cum
383 2911 497 2996 culpae
515 2932 619 2996 paene
637 2931 750 2976 vocem
769 2909 947 2993 audiamus,
969 2929 1029 2974 nec
1047 2928 1109 2993 ego

97 3000 275 3065 multorum
302 3019 475 3085 aegrorum
503 2999 643 3064 salutem
669 3019 737 3063 non
764 2998 805 3062 ab
828 2997 1031 3082 Hippocrate
1053 3018 1111 3080 po·

62 3088 161 3153 otius
186 3110 284 3172 quam
307 3088 350 3153 ab
373 3087 569 3174 Aesculapio
593 3087 704 3153 datam
727 3085 847 3170 iudico,
870 3107 929 3152 nec
952 3084 1110 3151 Lacedae

97 3176 278 3242 moniorum
315 3175 521 3261 disciplinam
553 3175 659 3241 dicam
690 3197 847 3259 umquam
880 3175 922 3240 ab
953 3172 1110 3260 Apolline

96 3265 203 3350 potius
222 3262 360 3350 Spartae
384 3285 482 3348 quam
505 3263 687 3350 aLyourgo
708 3263 827 3329 datam.
864 3261 1041 3348 Critolaus,
1063 3263 1110 3327 in-

98 3375 202 3438 quam,
221 3353 340 3419 evertit
354 3351 557 3437 Corinthum,
575 3351 816 3438 Karthaginem
834 3351 1032 3418 Hasdrubal,
1064 3350 1111 3415 Hi

98 3441 158 3508 duo
176 3442 253 3508 illos
273 3442 383 3508 oculos
402 3462 478 3506 orae
496 3441 690 3506 maritumae
709 3441 899 3525 effoderunt,
920 3463 988 3507 non
1004 3441 1110 3505 iratus

62 3545 86 3586 8⁵
99 3529 206 3616 aliqui,
225 3553 322 3616 quem
336 3528 468 3595 omnino
482 3529 580 3595 irasci
592 3551 690 3615 posse
703 3529 843 3616 negatis,
858 3529 945 3595 deus.
973 3528 1021 3593 At
1035 3529 1109 3594 sub·
1128 3538 1163 3588 aa
