<?xml version="1.0" encoding="UTF-8"?>
<!DOCTYPE html PUBLIC "-//W3C//DTD XHTML 1.0 Transitional//EN"
    "http://www.w3.org/TR/xhtml1/DTD/xhtml1-transitional.dtd">
<html xmlns="http://www.w3.org/1999/xhtml" xml:lang="en" lang="en">
 <head>
  <title>
</title>
<meta http-equiv="Content-Type" content="text/html;charset=utf-8" />
  <meta name='ocr-system' content='tesseract 3.04.00' />
  <meta name='ocr-capabilities' content='ocr_page ocr_carea ocr_par ocr_line ocrx_word'/>
</head>
<body>
  <div class='ocr_page' id='page_1' title='image "./scriptaquaemans02mullgoog_0356.png"; bbox 0 0 2596 3882; ppageno 0'>
   <div class='ocr_carea' id='block_1_1' title="bbox 343 159 1112 226">
    <p class='ocr_par' dir='ltr' id='par_1_1' title="bbox 343 159 1112 226">
     <span class='ocr_line' id='line_1_1' title="bbox 343 159 1112 226; baseline 0.013 -12"><span class='ocrx_word' id='word_1_1' title='bbox 343 159 411 214; x_wconf 82' lang='grc' dir='ltr'>ιιΒ.</span> <span class='ocrx_word' id='word_1_2' title='bbox 430 160 452 215; x_wconf 91' lang='lat'>1.</span> <span class='ocrx_word' id='word_1_3' title='bbox 476 159 552 217; x_wconf 83' lang='grc' dir='ltr'>οΑΡ.</span> <span class='ocrx_word' id='word_1_4' title='bbox 570 166 685 216; x_wconf 77' lang='grc' dir='ltr'>ιι-ιο.</span> <span class='ocrx_word' id='word_1_5' title='bbox 708 166 723 226; x_wconf 76' lang='lat' dir='ltr'>s</span> <span class='ocrx_word' id='word_1_6' title='bbox 743 165 856 215; x_wconf 82' lang='grc' dir='ltr'>ιιι-οι.</span> <span class='ocrx_word' id='word_1_7' title='bbox 1046 159 1112 224; x_wconf 79' lang='lat'>299</span> 
     </span>
    </p>
   </div>
   <div class='ocr_carea' id='block_1_2' title="bbox 97 261 1113 392">
    <p class='ocr_par' dir='ltr' id='par_1_2' title="bbox 97 261 1113 392">
     <span class='ocr_line' id='line_1_2' title="bbox 97 261 1113 392; baseline -0.003 -21"><span class='ocrx_word' id='word_1_8' title='bbox 97 309 133 371; x_wconf 94' lang='lat' dir='ltr'>et</span> <span class='ocrx_word' id='word_1_9' title='bbox 165 306 292 392; x_wconf 90' lang='lat' dir='ltr'>plures,</span> <span class='ocrx_word' id='word_1_10' title='bbox 330 304 359 369; x_wconf 90' lang='lat' dir='ltr'>si</span> <span class='ocrx_word' id='word_1_11' title='bbox 389 303 517 369; x_wconf 88' lang='lat' dir='ltr'>iustitia</span> <span class='ocrx_word' id='word_1_12' title='bbox 549 307 600 369; x_wconf 89' lang='lat' dir='ltr'>est</span> <span class='ocrx_word' id='word_1_13' title='bbox 630 303 667 369; x_wconf 91' lang='grc' dir='ltr'>ιιι</span> <span class='ocrx_word' id='word_1_14' title='bbox 696 261 881 388; x_wconf 41' lang='lat' dir='ltr'>pluribusl·</span> <span class='ocrx_word' id='word_1_15' title='bbox 914 302 959 370; x_wconf 82' lang='lat' dir='ltr'>Et</span> <span class='ocrx_word' id='word_1_16' title='bbox 991 302 1113 389; x_wconf 77' lang='lat' dir='ltr'>Scipio:</span> 
     </span>
    </p>
   </div>
   <div class='ocr_carea' id='block_1_3' title="bbox 58 391 1170 3562">
    <p class='ocr_par' dir='ltr' id='par_1_3' title="bbox 58 391 1170 3562">
     <span class='ocr_line' id='line_1_3' title="bbox 99 391 1113 475; baseline 0 -17"><span class='ocrx_word' id='word_1_17' title='bbox 99 399 104 472; x_wconf 78' lang='lat' dir='ltr'>i</span> <span class='ocrx_word' id='word_1_18' title='bbox 121 392 285 468; x_wconf 83' lang='lat' dir='ltr'>Quoniam</span> <span class='ocrx_word' id='word_1_19' title='bbox 303 392 444 457; x_wconf 86' lang='lat' dir='ltr'>testibus</span> <span class='ocrx_word' id='word_1_20' title='bbox 463 392 544 458; x_wconf 90' lang='lat' dir='ltr'>meis</span> <span class='ocrx_word' id='word_1_21' title='bbox 563 392 719 475; x_wconf 73' lang='lat' dir='ltr'>intellexi,</span> <span class='ocrx_word' id='word_1_22' title='bbox 741 391 842 475; x_wconf 84' lang='lat' dir='ltr'>Laeli,</span> <span class='ocrx_word' id='word_1_23' title='bbox 860 394 894 458; x_wconf 91' lang='lat' dir='ltr'>te</span> <span class='ocrx_word' id='word_1_24' title='bbox 911 413 979 458; x_wconf 92' lang='grc' dir='ltr'>ιιοιι</span> <span class='ocrx_word' id='word_1_25' title='bbox 1001 394 1041 473; x_wconf 87' lang='lat' dir='ltr'>[p.</span> <span class='ocrx_word' id='word_1_26' title='bbox 1062 407 1113 458; x_wconf 74' lang='grc' dir='ltr'>ιιι</span> 
     </span>
     <span class='ocr_line' id='line_1_4' title="bbox 96 479 1115 566; baseline -0.002 -20"><span class='ocrx_word' id='word_1_27' title='bbox 96 481 194 546; x_wconf 88' lang='lat' dir='ltr'>valde</span> <span class='ocrx_word' id='word_1_28' title='bbox 217 481 352 566; x_wconf 85' lang='lat' dir='ltr'>moveri,</span> <span class='ocrx_word' id='word_1_29' title='bbox 373 502 441 546; x_wconf 89' lang='lat' dir='ltr'>non</span> <span class='ocrx_word' id='word_1_30' title='bbox 463 480 611 546; x_wconf 82' lang='lat' dir='ltr'>desinam</span> <span class='ocrx_word' id='word_1_31' title='bbox 633 483 667 546; x_wconf 91' lang='lat' dir='ltr'>te</span> <span class='ocrx_word' id='word_1_32' title='bbox 688 479 740 544; x_wconf 91' lang='grc' dir='ltr'>ιιιι</span> <span class='ocrx_word' id='word_1_33' title='bbox 761 483 855 564; x_wconf 83' lang='grc' dir='ltr'>ιοιιο,</span> <span class='ocrx_word' id='word_1_34' title='bbox 877 483 915 544; x_wconf 92' lang='lat' dir='ltr'>ut</span> <span class='ocrx_word' id='word_1_35' title='bbox 932 479 1004 565; x_wconf 89' lang='lat' dir='ltr'>hoc,</span> <span class='ocrx_word' id='word_1_36' title='bbox 1027 479 1115 565; x_wconf 87' lang='lat' dir='ltr'>quod</span> 
     </span>
     <span class='ocr_line' id='line_1_5' title="bbox 98 567 1115 654; baseline -0.001 -20"><span class='ocrx_word' id='word_1_37' title='bbox 98 570 181 654; x_wconf 90' lang='lat' dir='ltr'>dico,</span> <span class='ocrx_word' id='word_1_38' title='bbox 203 569 349 654; x_wconf 89' lang='lat' dir='ltr'><strong>probem.</strong></span> <span class='ocrx_word' id='word_1_39' title='bbox 380 567 442 652; x_wconf 90' lang='lat' dir='ltr'>Me,</span> <span class='ocrx_word' id='word_1_40' title='bbox 463 568 571 653; x_wconf 90' lang='lat' dir='ltr'>inquit</span> <span class='ocrx_word' id='word_1_41' title='bbox 589 569 653 653; x_wconf 88' lang='lat' dir='ltr'>ille,</span> <span class='ocrx_word' id='word_1_42' title='bbox 677 590 819 652; x_wconf 84' lang='lat' dir='ltr'>quonam</span> <span class='ocrx_word' id='word_1_43' title='bbox 836 568 956 633; x_wconf 83' lang='lat' dir='ltr'>modo?</span> <span class='ocrx_word' id='word_1_44' title='bbox 979 567 1012 634; x_wconf 92' lang='lat' dir='ltr'>S.</span> <span class='ocrx_word' id='word_1_45' title='bbox 1031 567 1115 644; x_wconf 76' lang='lat' dir='ltr'>Quia</span> 
     </span>
     <span class='ocr_line' id='line_1_6' title="bbox 69 655 1114 740; baseline 0.006 -24"><span class='ocrx_word' id='word_1_46' title='bbox 69 657 246 722; x_wconf 79' lang='lat' dir='ltr'>caninium</span> <span class='ocrx_word' id='word_1_47' title='bbox 269 657 395 721; x_wconf 79' lang='lat' dir='ltr'>adverti</span> <span class='ocrx_word' id='word_1_48' title='bbox 416 677 528 740; x_wconf 82' lang='lat' dir='ltr'><strong>nuper,</strong></span> <span class='ocrx_word' id='word_1_49' title='bbox 554 678 628 722; x_wconf 90' lang='lat' dir='ltr'>cum</span> <span class='ocrx_word' id='word_1_50' title='bbox 650 677 794 722; x_wconf 82' lang='lat' dir='ltr'>essemus</span> <span class='ocrx_word' id='word_1_51' title='bbox 817 655 852 720; x_wconf 90' lang='grc' dir='ltr'>ιιι</span> <span class='ocrx_word' id='word_1_52' title='bbox 873 655 1057 740; x_wconf 86' lang='lat' dir='ltr'>Formiano,</span> <span class='ocrx_word' id='word_1_53' title='bbox 1080 659 1114 722; x_wconf 91' lang='lat' dir='ltr'>te</span> 
     </span>
     <span class='ocr_line' id='line_1_7' title="bbox 97 744 1115 828; baseline -0.002 -18"><span class='ocrx_word' id='word_1_54' title='bbox 97 745 245 812; x_wconf 81' lang='lat' dir='ltr'>familiae</span> <span class='ocrx_word' id='word_1_55' title='bbox 268 744 363 811; x_wconf 82' lang='lat' dir='ltr'>valde</span> <span class='ocrx_word' id='word_1_56' title='bbox 385 744 650 828; x_wconf 66' lang='lat' dir='ltr'>interdiceret</span> <span class='ocrx_word' id='word_1_57' title='bbox 613 747 650 808; x_wconf 90' lang='lat' dir='ltr'>ut</span> <span class='ocrx_word' id='word_1_58' title='bbox 672 745 729 809; x_wconf 91' lang='lat' dir='ltr'>uni</span> <span class='ocrx_word' id='word_1_59' title='bbox 752 745 838 810; x_wconf 85' lang='lat' dir='ltr'>dicto</span> <span class='ocrx_word' id='word_1_60' title='bbox 862 744 995 810; x_wconf 78' lang='lat' dir='ltr'>audiens</span> <span class='ocrx_word' id='word_1_61' title='bbox 1019 747 1115 810; x_wconf 89' lang='lat' dir='ltr'>esset.</span> 
     </span>
     <span class='ocr_line' id='line_1_8' title="bbox 98 796 1115 984; baseline -0.003 -85"><span class='ocrx_word' id='word_1_62' title='bbox 98 835 138 899; x_wconf 88' lang='lat' dir='ltr'>L.</span> <span class='ocrx_word' id='word_1_63' title='bbox 148 833 275 918; x_wconf 79' lang='lat' dir='ltr'>Quippe</span> <span class='ocrx_word' id='word_1_64' title='bbox 288 833 394 898; x_wconf 86' lang='lat' dir='ltr'>vilico.</span> <span class='ocrx_word' id='word_1_65' title='bbox 417 831 566 908; x_wconf 78' lang='lat' dir='ltr'>SQuid?</span> <span class='ocrx_word' id='word_1_66' title='bbox 581 796 668 897; x_wconf 88' lang='lat' dir='ltr'>domi</span> <span class='ocrx_word' id='word_1_67' title='bbox 681 832 833 984; x_wconf 84' lang='lat' dir='ltr'>pluresne</span> <span class='ocrx_word' id='word_1_68' title='bbox 846 836 1004 917; x_wconf 85' lang='lat' dir='ltr'>praesunt</span> <span class='ocrx_word' id='word_1_69' title='bbox 1017 853 1115 919; x_wconf 82' lang='lat' dir='ltr'>nego-</span> 
     </span>
     <span class='ocr_line' id='line_1_9' title="bbox 98 918 1115 1004; baseline -0.001 -18"><span class='ocrx_word' id='word_1_70' title='bbox 98 922 156 986; x_wconf 89' lang='lat' dir='ltr'>tiis</span> <span class='ocrx_word' id='word_1_71' title='bbox 175 921 264 986; x_wconf 83' lang='lat' dir='ltr'>tuis?</span> <span class='ocrx_word' id='word_1_72' title='bbox 293 921 330 985; x_wconf 87' lang='lat' dir='ltr'>L.</span> <span class='ocrx_word' id='word_1_73' title='bbox 348 919 453 985; x_wconf 91' lang='lat' dir='ltr'>Immo</span> <span class='ocrx_word' id='word_1_74' title='bbox 472 942 550 986; x_wconf 88' lang='lat' dir='ltr'>vero</span> <span class='ocrx_word' id='word_1_75' title='bbox 568 941 652 985; x_wconf 91' lang='lat' dir='ltr'>unus</span> <span class='ocrx_word' id='word_1_76' title='bbox 652 919 795 1004; x_wconf 82' lang='lat' dir='ltr'>,inquit</span> <span class='ocrx_word' id='word_1_77' title='bbox 826 921 859 986; x_wconf 93' lang='lat' dir='ltr'>S.</span> <span class='ocrx_word' id='word_1_78' title='bbox 879 918 985 996; x_wconf 81' lang='lat' dir='ltr'>Quid?</span> <span class='ocrx_word' id='word_1_79' title='bbox 1008 924 1115 985; x_wconf 87' lang='lat' dir='ltr'>totam</span> 
     </span>
     <span class='ocr_line' id='line_1_10' title="bbox 101 971 1116 1095; baseline -0.001 -21"><span class='ocrx_word' id='word_1_80' title='bbox 101 1011 234 1076; x_wconf 90' lang='lat' dir='ltr'>domum</span> <span class='ocrx_word' id='word_1_81' title='bbox 261 1031 341 1074; x_wconf 91' lang='lat' dir='ltr'>num</span> <span class='ocrx_word' id='word_1_82' title='bbox 364 1009 437 1093; x_wconf 87' lang='lat' dir='ltr'>quis</span> <span class='ocrx_word' id='word_1_83' title='bbox 460 1009 509 1075; x_wconf 85' lang='lat' dir='ltr'>alt</span> <span class='ocrx_word' id='word_1_84' title='bbox 494 1012 546 1074; x_wconf 91' lang='lat' dir='ltr'>ter</span> <span class='ocrx_word' id='word_1_85' title='bbox 567 971 698 1094; x_wconf 74' lang='lat' dir='ltr'>praeder</span> <span class='ocrx_word' id='word_1_86' title='bbox 719 1012 753 1074; x_wconf 91' lang='lat' dir='ltr'>te</span> <span class='ocrx_word' id='word_1_87' title='bbox 775 1009 885 1095; x_wconf 79' lang='lat' dir='ltr'>regit?</span> <span class='ocrx_word' id='word_1_88' title='bbox 848 1009 958 1073; x_wconf 93' lang='lat' dir='ltr'>t.L</span> <span class='ocrx_word' id='word_1_89' title='bbox 981 1008 1116 1074; x_wconf 88' lang='lat' dir='ltr'>Minime</span> 
     </span>
     <span class='ocr_line' id='line_1_11' title="bbox 58 1094 1115 1183; baseline -0.002 -19"><span class='ocrx_word' id='word_1_90' title='bbox 58 1118 85 1156; x_wconf 86' lang='grc' dir='ltr'>ιο</span> <span class='ocrx_word' id='word_1_91' title='bbox 100 1121 187 1164; x_wconf 86' lang='lat' dir='ltr'>vero.</span> <span class='ocrx_word' id='word_1_92' title='bbox 231 1096 265 1163; x_wconf 87' lang='lat' dir='ltr'>S.</span> <span class='ocrx_word' id='word_1_93' title='bbox 288 1096 374 1172; x_wconf 78' lang='lat' dir='ltr'>Quin</span> <span class='ocrx_word' id='word_1_94' title='bbox 400 1101 437 1161; x_wconf 89' lang='lat' dir='ltr'>tu</span> <span class='ocrx_word' id='word_1_95' title='bbox 463 1097 566 1183; x_wconf 77' lang='lat' dir='ltr'>igitur</span> <span class='ocrx_word' id='word_1_96' title='bbox 593 1094 749 1182; x_wconf 77' lang='lat' dir='ltr'>conlcedis</span> <span class='ocrx_word' id='word_1_97' title='bbox 771 1096 890 1162; x_wconf 89' lang='lat' dir='ltr'>idem</span> <span class='ocrx_word' id='word_1_98' title='bbox 880 1118 917 1162; x_wconf 85' lang='grc' dir='ltr'>ιιι</span> <span class='ocrx_word' id='word_1_99' title='bbox 938 1118 974 1162; x_wconf 92' lang='lat' dir='ltr'>re</span> <span class='ocrx_word' id='word_1_100' title='bbox 1002 1098 1044 1178; x_wconf 84' lang='lat' dir='ltr'>[p</span> <span class='ocrx_word' id='word_1_101' title='bbox 1064 1111 1115 1162; x_wconf 80' lang='lat'>159</span> 
     </span>
     <span class='ocr_line' id='line_1_12' title="bbox 99 1183 1153 1272; baseline -0.001 -21.977"><span class='ocrx_word' id='word_1_102' title='bbox 99 1186 245 1272; x_wconf 83' lang='lat' dir='ltr'>publicu,</span> <span class='ocrx_word' id='word_1_103' title='bbox 278 1185 483 1270; x_wconf 88' lang='lat' dir='ltr'>singulorum</span> <span class='ocrx_word' id='word_1_104' title='bbox 515 1183 715 1268; x_wconf 76' lang='lat' dir='ltr'>dominatus,</span> <span class='ocrx_word' id='word_1_105' title='bbox 747 1184 776 1250; x_wconf 87' lang='lat' dir='ltr'>si</span> <span class='ocrx_word' id='word_1_106' title='bbox 807 1184 904 1250; x_wconf 89' lang='lat' dir='ltr'>modo</span> <span class='ocrx_word' id='word_1_107' title='bbox 931 1184 1011 1250; x_wconf 90' lang='lat' dir='ltr'>iusti</span> <span class='ocrx_word' id='word_1_108' title='bbox 1041 1185 1116 1269; x_wconf 91' lang='lat' dir='ltr'>sint,</span> <span class='ocrx_word' id='word_1_109' title='bbox 1149 1217 1153 1224; x_wconf 92' lang='lat'>·</span> 
     </span>
     <span class='ocr_line' id='line_1_13' title="bbox 100 1235 1116 1358; baseline -0.002 -19"><span class='ocrx_word' id='word_1_110' title='bbox 100 1296 172 1340; x_wconf 90' lang='lat' dir='ltr'>esse</span> <span class='ocrx_word' id='word_1_111' title='bbox 195 1295 237 1357; x_wconf 91' lang='lat' dir='ltr'>op</span> <span class='ocrx_word' id='word_1_112' title='bbox 237 1236 361 1340; x_wconf 71' lang='lat' dir='ltr'>timos?</span> <span class='ocrx_word' id='word_1_113' title='bbox 395 1275 434 1338; x_wconf 90' lang='lat' dir='ltr'><strong><em>L</em></strong></span> <span class='ocrx_word' id='word_1_114' title='bbox 457 1273 623 1357; x_wconf 89' lang='lat' dir='ltr'>Addnoor,</span> <span class='ocrx_word' id='word_1_115' title='bbox 650 1235 770 1358; x_wconf 79' lang='lat' dir='ltr'>inqirit,</span> <span class='ocrx_word' id='word_1_116' title='bbox 797 1276 836 1338; x_wconf 93' lang='lat' dir='ltr'>ut</span> <span class='ocrx_word' id='word_1_117' title='bbox 857 1295 960 1358; x_wconf 87' lang='lat' dir='ltr'>prope</span> <span class='ocrx_word' id='word_1_118' title='bbox 983 1235 1116 1339; x_wconf 82' lang='lat' dir='ltr'>modunl</span> 
     </span>
     <span class='ocr_line' id='line_1_14' title="bbox 100 1363 276 1430; baseline -0.024 0"><span class='ocrx_word' id='word_1_119' title='bbox 100 1363 276 1430; x_wconf 78' lang='lat' dir='ltr'>adsentiar</span> 
     </span>
     <span class='ocr_line' id='line_1_15' title="bbox 167 1447 1048 1551; baseline -0.005 -33"><span class='ocrx_word' id='word_1_120' title='bbox 167 1450 214 1518; x_wconf 78' lang='lat' dir='ltr'>Et</span> <span class='ocrx_word' id='word_1_121' title='bbox 241 1447 362 1535; x_wconf 79' lang='lat' dir='ltr'>Scipio.</span> <span class='ocrx_word' id='word_1_122' title='bbox 394 1448 478 1514; x_wconf 70' lang='lat' dir='ltr'>rum</span> <span class='ocrx_word' id='word_1_123' title='bbox 505 1450 612 1535; x_wconf 85' lang='lat' dir='ltr'>magis</span> <span class='ocrx_word' id='word_1_124' title='bbox 640 1449 765 1515; x_wconf 80' lang='lat' dir='ltr'>adsent&#39;</span> <span class='ocrx_word' id='word_1_125' title='bbox 740 1453 837 1534; x_wconf 86' lang='lat' dir='ltr'>trare,</span> <span class='ocrx_word' id='word_1_126' title='bbox 866 1449 971 1551; x_wconf 77' lang='lat' dir='ltr'>Laeli,</span> <span class='ocrx_word' id='word_1_127' title='bbox 1006 1450 1048 1535; x_wconf 90' lang='lat' dir='ltr'>si,</span> 
     </span>
     <span class='ocr_line' id='line_1_16' title="bbox 59 1537 1117 1639; baseline 0.004 -41"><span class='ocrx_word' id='word_1_128' title='bbox 59 1557 87 1599; x_wconf 77' lang='grc' dir='ltr'>ιι</span> <span class='ocrx_word' id='word_1_129' title='bbox 102 1537 255 1605; x_wconf 86' lang='lat' dir='ltr'>omittam</span> <span class='ocrx_word' id='word_1_130' title='bbox 274 1538 512 1639; x_wconf 73' lang='lat' dir='ltr'>similitudines,</span> <span class='ocrx_word' id='word_1_131' title='bbox 535 1561 592 1602; x_wconf 81' lang='lat' dir='ltr'>uni</span> <span class='ocrx_word' id='word_1_132' title='bbox 583 1538 832 1638; x_wconf 79' lang='lat' dir='ltr'>gubernatori,</span> <span class='ocrx_word' id='word_1_133' title='bbox 855 1560 912 1602; x_wconf 88' lang='lat' dir='ltr'>um</span> <span class='ocrx_word' id='word_1_134' title='bbox 902 1538 1114 1622; x_wconf 89' lang='lat' dir='ltr'>medico,</span> <span class='ocrx_word' id='word_1_135' title='bbox 1088 1560 1117 1602; x_wconf 94' lang='lat' dir='ltr'>s1</span> 
     </span>
     <span class='ocr_line' id='line_1_17' title="bbox 103 1626 1117 1714; baseline 0 -22"><span class='ocrx_word' id='word_1_136' title='bbox 103 1627 194 1714; x_wconf 81' lang='lat' dir='ltr'>digni</span> <span class='ocrx_word' id='word_1_137' title='bbox 216 1626 313 1693; x_wconf 87' lang='lat' dir='ltr'>modo</span> <span class='ocrx_word' id='word_1_138' title='bbox 337 1627 447 1690; x_wconf 86' lang='lat' dir='ltr'>sint&#39;&#39;</span> <span class='ocrx_word' id='word_1_139' title='bbox 424 1648 466 1691; x_wconf 85' lang='lat' dir='ltr'>ns</span> <span class='ocrx_word' id='word_1_140' title='bbox 490 1649 526 1690; x_wconf 81' lang='lat' dir='ltr'>ar</span> <span class='ocrx_word' id='word_1_141' title='bbox 528 1626 626 1710; x_wconf 89' lang='lat' dir='ltr'>tibus,</span> <span class='ocrx_word' id='word_1_142' title='bbox 647 1626 767 1691; x_wconf 88' lang='lat' dir='ltr'>rectius</span> <span class='ocrx_word' id='word_1_143' title='bbox 792 1647 862 1691; x_wconf 88' lang='lat' dir='ltr'>esse</span> <span class='ocrx_word' id='word_1_144' title='bbox 886 1626 982 1691; x_wconf 90' lang='lat' dir='ltr'>alteri</span> <span class='ocrx_word' id='word_1_145' title='bbox 999 1648 1117 1692; x_wconf 83' lang='lat' dir='ltr'>navem</span> 
     </span>
     <span class='ocr_line' id='line_1_18' title="bbox 103 1713 1118 1798; baseline -0.001 -17"><span class='ocrx_word' id='word_1_146' title='bbox 103 1715 320 1798; x_wconf 86' lang='lat' dir='ltr'>committere,</span> <span class='ocrx_word' id='word_1_147' title='bbox 353 1736 390 1778; x_wconf 84' lang='lat' dir='ltr'>ae</span> <span class='ocrx_word' id='word_1_148' title='bbox 415 1715 564 1778; x_wconf 91' lang='lat' dir='ltr'>rumalt</span> <span class='ocrx_word' id='word_1_149' title='bbox 566 1713 613 1778; x_wconf 90' lang='lat' dir='ltr'>eri</span> <span class='ocrx_word' id='word_1_150' title='bbox 641 1735 738 1798; x_wconf 85' lang='lat' dir='ltr'>quam</span> <span class='ocrx_word' id='word_1_151' title='bbox 766 1713 861 1779; x_wconf 91' lang='lat' dir='ltr'>mult</span> <span class='ocrx_word' id='word_1_152' title='bbox 836 1717 893 1798; x_wconf 89' lang='lat' dir='ltr'>t,1s</span> <span class='ocrx_word' id='word_1_153' title='bbox 924 1715 965 1779; x_wconf 81' lang='lat' dir='ltr'>ed</span> <span class='ocrx_word' id='word_1_154' title='bbox 993 1715 1118 1780; x_wconf 74' lang='lat' dir='ltr'>maiora</span> 
     </span>
     <span class='ocr_line' id='line_1_19' title="bbox 104 1735 1116 1888; baseline 0 -20"><span class='ocrx_word' id='word_1_155' title='bbox 104 1824 292 1888; x_wconf 83' lang='lat' dir='ltr'>pervenero.</span> <span class='ocrx_word' id='word_1_156' title='bbox 327 1802 366 1867; x_wconf 96' lang='lat' dir='ltr'><strong><em>L</em></strong></span> <span class='ocrx_word' id='word_1_157' title='bbox 389 1735 587 1878; x_wconf 63' lang='lat' dir='ltr'>Suaensm&#39;</span> <span class='ocrx_word' id='word_1_158' title='bbox 578 1803 644 1867; x_wconf 86' lang='lat' dir='ltr'>ista</span> <span class='ocrx_word' id='word_1_159' title='bbox 667 1803 766 1868; x_wconf 82' lang='lat' dir='ltr'>sunt?</span> <span class='ocrx_word' id='word_1_160' title='bbox 803 1800 836 1868; x_wconf 86' lang='lat' dir='ltr'>S.</span> <span class='ocrx_word' id='word_1_161' title='bbox 860 1765 1007 1877; x_wconf 67' lang='lat' dir='ltr'>Qiidrt</span> <span class='ocrx_word' id='word_1_162' title='bbox 1007 1827 1029 1868; x_wconf 93' lang='lat' dir='ltr'>u</span> <span class='ocrx_word' id='word_1_163' title='bbox 1050 1825 1116 1868; x_wconf 89' lang='lat' dir='ltr'>non</span> 
     </span>
     <span class='ocr_line' id='line_1_20' title="bbox 101 1886 1117 1991; baseline -0.001 -34"><span class='ocrx_word' id='word_1_164' title='bbox 101 1893 193 1957; x_wconf 86' lang='lat' dir='ltr'>vides</span> <span class='ocrx_word' id='word_1_165' title='bbox 211 1891 306 1955; x_wconf 85' lang='lat' dir='ltr'>unius</span> <span class='ocrx_word' id='word_1_166' title='bbox 324 1886 515 1976; x_wconf 75' lang='lat' dir='ltr'>inlportunit</span> <span class='ocrx_word' id='word_1_167' title='bbox 517 1893 622 1956; x_wconf 81' lang='lat' dir='ltr'>stete</span> <span class='ocrx_word' id='word_1_168' title='bbox 640 1890 794 1991; x_wconf 82' lang='lat' dir='ltr'>superbia</span> <span class='ocrx_word' id='word_1_169' title='bbox 811 1889 981 1975; x_wconf 79' lang='lat' dir='ltr'>Tarquinii</span> <span class='ocrx_word' id='word_1_170' title='bbox 1005 1893 1045 1972; x_wconf 87' lang='lat' dir='ltr'>[p.</span> <span class='ocrx_word' id='word_1_171' title='bbox 1067 1908 1117 1956; x_wconf 79' lang='lat'>160</span> 
     </span>
     <span class='ocr_line' id='line_1_21' title="bbox 61 1978 1118 2078; baseline 0.004 -39"><span class='ocrx_word' id='word_1_172' title='bbox 61 1999 88 2039; x_wconf 79' lang='lat' dir='ltr'>ac</span> <span class='ocrx_word' id='word_1_173' title='bbox 102 2001 222 2046; x_wconf 90' lang='lat' dir='ltr'>nomen</span> <span class='ocrx_word' id='word_1_174' title='bbox 243 1978 319 2043; x_wconf 87' lang='lat' dir='ltr'>huic</span> <span class='ocrx_word' id='word_1_175' title='bbox 341 1978 496 2078; x_wconf 91' lang='lat' dir='ltr'>populo</span> <span class='ocrx_word' id='word_1_176' title='bbox 487 2001 521 2042; x_wconf 90' lang='grc' dir='ltr'>ιιι</span> <span class='ocrx_word' id='word_1_177' title='bbox 545 1979 655 2043; x_wconf 90' lang='lat' dir='ltr'>odium</span> <span class='ocrx_word' id='word_1_178' title='bbox 678 1978 806 2044; x_wconf 86' lang='lat' dir='ltr'>venisse</span> <span class='ocrx_word' id='word_1_179' title='bbox 828 1979 978 2064; x_wconf 80' lang='lat' dir='ltr'>regium?</span> <span class='ocrx_word' id='word_1_180' title='bbox 1005 1979 1043 2044; x_wconf 94' lang='lat' dir='ltr'><strong><em>L</em></strong></span> <span class='ocrx_word' id='word_1_181' title='bbox 1061 1978 1118 2043; x_wconf 86' lang='lat' dir='ltr'>Vi·</span> 
     </span>
     <span class='ocr_line' id='line_1_22' title="bbox 103 2065 1117 2152; baseline 0.002 -20"><span class='ocrx_word' id='word_1_182' title='bbox 103 2069 164 2134; x_wconf 94' lang='lat' dir='ltr'>deo</span> <span class='ocrx_word' id='word_1_183' title='bbox 191 2089 282 2151; x_wconf 86' lang='lat' dir='ltr'>vero,</span> <span class='ocrx_word' id='word_1_184' title='bbox 309 2067 424 2151; x_wconf 87' lang='lat' dir='ltr'>inquit.</span> <span class='ocrx_word' id='word_1_185' title='bbox 401 2066 494 2132; x_wconf 90' lang='lat' dir='ltr'>tS.</span> <span class='ocrx_word' id='word_1_186' title='bbox 515 2065 606 2152; x_wconf 80' lang='lat' dir='ltr'>Ergo</span> <span class='ocrx_word' id='word_1_187' title='bbox 630 2066 731 2131; x_wconf 86' lang='lat' dir='ltr'>otiam</span> <span class='ocrx_word' id='word_1_188' title='bbox 753 2066 835 2131; x_wconf 90' lang='lat' dir='ltr'>illud</span> <span class='ocrx_word' id='word_1_189' title='bbox 858 2067 962 2150; x_wconf 87' lang='lat' dir='ltr'>vides,</span> <span class='ocrx_word' id='word_1_190' title='bbox 990 2066 1029 2133; x_wconf 90' lang='lat' dir='ltr'>da</span> <span class='ocrx_word' id='word_1_191' title='bbox 1053 2089 1117 2151; x_wconf 92' lang='lat' dir='ltr'>quo</span> 
     </span>
     <span class='ocr_line' id='line_1_23' title="bbox 103 2155 1118 2258; baseline -0.002 -36"><span class='ocrx_word' id='word_1_192' title='bbox 103 2155 345 2258; x_wconf 74' lang='lat' dir='ltr'>progrediente</span> <span class='ocrx_word' id='word_1_193' title='bbox 360 2159 432 2220; x_wconf 86' lang='lat' dir='ltr'>orat</span> <span class='ocrx_word' id='word_1_194' title='bbox 434 2155 507 2220; x_wconf 89' lang='lat' dir='ltr'>ione</span> <span class='ocrx_word' id='word_1_195' title='bbox 534 2155 631 2239; x_wconf 86' lang='lat' dir='ltr'>plura</span> <span class='ocrx_word' id='word_1_196' title='bbox 658 2177 710 2221; x_wconf 89' lang='lat' dir='ltr'>me</span> <span class='ocrx_word' id='word_1_197' title='bbox 733 2155 799 2221; x_wconf 90' lang='lat' dir='ltr'>dict</span> <span class='ocrx_word' id='word_1_198' title='bbox 785 2159 895 2219; x_wconf 90' lang='lat' dir='ltr'>turum</span> <span class='ocrx_word' id='word_1_199' title='bbox 917 2158 1011 2240; x_wconf 89' lang='lat' dir='ltr'>put,o</span> <span class='ocrx_word' id='word_1_200' title='bbox 962 2155 1118 2221; x_wconf 78' lang='lat' dir='ltr'>co-Tar</span> 
     </span>
     <span class='ocr_line' id='line_1_24' title="bbox 104 2243 1117 2328; baseline -0.002 -18"><span class='ocrx_word' id='word_1_201' title='bbox 104 2244 215 2328; x_wconf 90' lang='lat' dir='ltr'>quinio</span> <span class='ocrx_word' id='word_1_202' title='bbox 244 2248 357 2308; x_wconf 81' lang='lat' dir='ltr'>exacto</span> <span class='ocrx_word' id='word_1_203' title='bbox 385 2243 469 2308; x_wconf 89' lang='lat' dir='ltr'>mira</span> <span class='ocrx_word' id='word_1_204' title='bbox 496 2243 637 2327; x_wconf 84' lang='lat' dir='ltr'>quadam</span> <span class='ocrx_word' id='word_1_205' title='bbox 664 2243 754 2308; x_wconf 84' lang='lat' dir='ltr'>exult</span> <span class='ocrx_word' id='word_1_206' title='bbox 740 2247 828 2310; x_wconf 88' lang='lat' dir='ltr'>tasse</span> <span class='ocrx_word' id='word_1_207' title='bbox 851 2243 1041 2328; x_wconf 86' lang='lat' dir='ltr'>populum</span> <span class='ocrx_word' id='word_1_208' title='bbox 1031 2265 1117 2308; x_wconf 83' lang='lat' dir='ltr'>mso</span> 
     </span>
     <span class='ocr_line' id='line_1_25' title="bbox 104 2331 1118 2415; baseline -0.002 -17"><span class='ocrx_word' id='word_1_209' title='bbox 104 2333 207 2398; x_wconf 78' lang='lat' dir='ltr'>lentio.</span> <span class='ocrx_word' id='word_1_210' title='bbox 238 2331 417 2415; x_wconf 71' lang='lat' dir='ltr'>libertatis,</span> <span class='ocrx_word' id='word_1_211' title='bbox 448 2334 520 2396; x_wconf 88' lang='lat' dir='ltr'>tum</span> <span class='ocrx_word' id='word_1_212' title='bbox 553 2331 699 2396; x_wconf 80' lang='lat' dir='ltr'>exacti</span> <span class='ocrx_word' id='word_1_213' title='bbox 689 2353 725 2395; x_wconf 90' lang='lat' dir='ltr'>m</span> <span class='ocrx_word' id='word_1_214' title='bbox 756 2332 889 2398; x_wconf 86' lang='lat' dir='ltr'>exilium</span> <span class='ocrx_word' id='word_1_215' title='bbox 920 2331 1118 2414; x_wconf 88' lang='lat' dir='ltr'>innocentes,</span> 
     </span>
     <span class='ocr_line' id='line_1_26' title="bbox 62 2419 1118 2504; baseline 0.002 -24"><span class='ocrx_word' id='word_1_216' title='bbox 62 2439 89 2480; x_wconf 80' lang='grc' dir='ltr'>ιι</span> <span class='ocrx_word' id='word_1_217' title='bbox 104 2425 176 2486; x_wconf 90' lang='lat' dir='ltr'>tum</span> <span class='ocrx_word' id='word_1_218' title='bbox 198 2420 286 2484; x_wconf 85' lang='lat' dir='ltr'>bona</span> <span class='ocrx_word' id='word_1_219' title='bbox 304 2419 432 2502; x_wconf 88' lang='lat' dir='ltr'>direpta</span> <span class='ocrx_word' id='word_1_220' title='bbox 449 2420 533 2484; x_wconf 89' lang='lat' dir='ltr'>mult</span> <span class='ocrx_word' id='word_1_221' title='bbox 518 2422 637 2504; x_wconf 92' lang='lat' dir='ltr'>torum,</span> <span class='ocrx_word' id='word_1_222' title='bbox 659 2423 731 2484; x_wconf 90' lang='lat' dir='ltr'>tum</span> <span class='ocrx_word' id='word_1_223' title='bbox 749 2420 849 2484; x_wconf 81' lang='lat' dir='ltr'>annui</span> <span class='ocrx_word' id='word_1_224' title='bbox 867 2420 1026 2502; x_wconf 90' lang='lat' dir='ltr'>consules,</span> <span class='ocrx_word' id='word_1_225' title='bbox 1046 2422 1118 2483; x_wconf 90' lang='lat' dir='ltr'>tum</span> 
     </span>
     <span class='ocr_line' id='line_1_27' title="bbox 104 2505 1116 2593; baseline -0.003 -20"><span class='ocrx_word' id='word_1_226' title='bbox 104 2507 236 2574; x_wconf 89' lang='lat' dir='ltr'>demissi</span> <span class='ocrx_word' id='word_1_227' title='bbox 249 2508 370 2592; x_wconf 91' lang='lat' dir='ltr'>populo</span> <span class='ocrx_word' id='word_1_228' title='bbox 384 2507 498 2591; x_wconf 79' lang='lat' dir='ltr'>fasces,</span> <span class='ocrx_word' id='word_1_229' title='bbox 512 2510 583 2572; x_wconf 90' lang='lat' dir='ltr'>tum</span> <span class='ocrx_word' id='word_1_230' title='bbox 597 2507 845 2592; x_wconf 83' lang='lat' dir='ltr'>provocationes</span> <span class='ocrx_word' id='word_1_231' title='bbox 855 2505 1008 2593; x_wconf 76' lang='lat' dir='ltr'>omnilum</span> <span class='ocrx_word' id='word_1_232' title='bbox 1019 2508 1116 2587; x_wconf 76' lang='lat' dir='ltr'>[prol</span> 
     </span>
     <span class='ocr_line' id='line_1_28' title="bbox 104 2595 1118 2680; baseline -0.003 -18"><span class='ocrx_word' id='word_1_233' title='bbox 104 2618 225 2680; x_wconf 87' lang='lat' dir='ltr'>rerum,</span> <span class='ocrx_word' id='word_1_234' title='bbox 253 2599 324 2660; x_wconf 92' lang='lat' dir='ltr'>tum</span> <span class='ocrx_word' id='word_1_235' title='bbox 353 2595 549 2661; x_wconf 77' lang='lat' dir='ltr'>secessiones</span> <span class='ocrx_word' id='word_1_236' title='bbox 572 2595 693 2680; x_wconf 86' lang='lat' dir='ltr'>plebei,</span> <span class='ocrx_word' id='word_1_237' title='bbox 720 2599 793 2660; x_wconf 91' lang='lat' dir='ltr'>tum</span> <span class='ocrx_word' id='word_1_238' title='bbox 814 2615 949 2680; x_wconf 89' lang='lat' dir='ltr'>prorsus</span> <span class='ocrx_word' id='word_1_239' title='bbox 972 2595 1020 2660; x_wconf 90' lang='lat' dir='ltr'>ita</span> <span class='ocrx_word' id='word_1_240' title='bbox 1043 2597 1118 2659; x_wconf 87' lang='lat' dir='ltr'>acta</span> 
     </span>
     <span class='ocr_line' id='line_1_29' title="bbox 104 2682 1118 2769; baseline -0.002 -21"><span class='ocrx_word' id='word_1_241' title='bbox 104 2686 273 2769; x_wconf 86' lang='lat' dir='ltr'>pleraque,</span> <span class='ocrx_word' id='word_1_242' title='bbox 296 2687 333 2748; x_wconf 90' lang='lat' dir='ltr'>ut</span> <span class='ocrx_word' id='word_1_243' title='bbox 355 2683 391 2747; x_wconf 92' lang='lat' dir='ltr'>in</span> <span class='ocrx_word' id='word_1_244' title='bbox 412 2684 534 2769; x_wconf 92' lang='lat' dir='ltr'>populo</span> <span class='ocrx_word' id='word_1_245' title='bbox 558 2687 667 2748; x_wconf 88' lang='lat' dir='ltr'>essent</span> <span class='ocrx_word' id='word_1_246' title='bbox 690 2684 808 2750; x_wconf 86' lang='lat' dir='ltr'>omnia.</span> <span class='ocrx_word' id='word_1_247' title='bbox 847 2684 884 2749; x_wconf 93' lang='lat' dir='ltr'>L.</span> <span class='ocrx_word' id='word_1_248' title='bbox 907 2682 979 2766; x_wconf 83' lang='lat' dir='ltr'>Est,</span> <span class='ocrx_word' id='word_1_249' title='bbox 1002 2682 1118 2766; x_wconf 87' lang='lat' dir='ltr'>inquit,</span> 
     </span>
     <span class='ocr_line' id='line_1_30' title="bbox 104 2769 1170 2856; baseline -0.007 -18"><span class='ocrx_word' id='word_1_250' title='bbox 104 2777 142 2838; x_wconf 90' lang='lat' dir='ltr'>ut</span> <span class='ocrx_word' id='word_1_251' title='bbox 160 2773 249 2838; x_wconf 86' lang='lat' dir='ltr'>dicis.</span> <span class='ocrx_word' id='word_1_252' title='bbox 284 2771 346 2836; x_wconf 83' lang='lat' dir='ltr'>Est</span> <span class='ocrx_word' id='word_1_253' title='bbox 365 2793 451 2856; x_wconf 86' lang='lat' dir='ltr'>vero,</span> <span class='ocrx_word' id='word_1_254' title='bbox 473 2771 581 2856; x_wconf 92' lang='lat' dir='ltr'>inquit</span> <span class='ocrx_word' id='word_1_255' title='bbox 595 2769 711 2856; x_wconf 80' lang='lat' dir='ltr'>Scipio,</span> <span class='ocrx_word' id='word_1_256' title='bbox 733 2771 769 2836; x_wconf 90' lang='lat' dir='ltr'>in</span> <span class='ocrx_word' id='word_1_257' title='bbox 786 2793 865 2856; x_wconf 85' lang='lat' dir='ltr'>pace</span> <span class='ocrx_word' id='word_1_258' title='bbox 884 2774 917 2835; x_wconf 94' lang='lat' dir='ltr'>et</span> <span class='ocrx_word' id='word_1_259' title='bbox 936 2771 1018 2854; x_wconf 80' lang='lat' dir='ltr'>oti03</span> <span class='ocrx_word' id='word_1_260' title='bbox 1041 2771 1117 2836; x_wconf 91' lang='lat' dir='ltr'>licet</span> <span class='ocrx_word' id='word_1_261' title='bbox 1137 2783 1170 2832; x_wconf 80' lang='grc' dir='ltr'>οι</span> 
     </span>
     <span class='ocr_line' id='line_1_31' title="bbox 64 2859 1117 2943; baseline 0.003 -23"><span class='ocrx_word' id='word_1_262' title='bbox 64 2879 92 2920; x_wconf 86' lang='grc' dir='ltr'>ιο</span> <span class='ocrx_word' id='word_1_263' title='bbox 106 2861 191 2926; x_wconf 89' lang='lat' dir='ltr'>enim</span> <span class='ocrx_word' id='word_1_264' title='bbox 214 2860 373 2943; x_wconf 86' lang='lat' dir='ltr'>lascivire,</span> <span class='ocrx_word' id='word_1_265' title='bbox 397 2860 473 2925; x_wconf 89' lang='lat' dir='ltr'>dum</span> <span class='ocrx_word' id='word_1_266' title='bbox 495 2860 579 2924; x_wconf 90' lang='lat' dir='ltr'>nihil</span> <span class='ocrx_word' id='word_1_267' title='bbox 602 2863 738 2943; x_wconf 83' lang='lat' dir='ltr'>metuas,</span> <span class='ocrx_word' id='word_1_268' title='bbox 760 2860 852 2924; x_wconf 90' lang='lat' dir='ltr'>utin</span> <span class='ocrx_word' id='word_1_269' title='bbox 869 2859 946 2924; x_wconf 82' lang='lat' dir='ltr'>navi</span> <span class='ocrx_word' id='word_1_270' title='bbox 965 2881 1003 2924; x_wconf 88' lang='lat' dir='ltr'>ao</span> <span class='ocrx_word' id='word_1_271' title='bbox 1021 2880 1117 2943; x_wconf 77' lang='lat' dir='ltr'>saepe</span> 
     </span>
     <span class='ocr_line' id='line_1_32' title="bbox 105 2945 1118 3033; baseline -0.004 -18"><span class='ocrx_word' id='word_1_272' title='bbox 105 2949 205 3015; x_wconf 83' lang='lat' dir='ltr'>etiam</span> <span class='ocrx_word' id='word_1_273' title='bbox 231 2949 266 3013; x_wconf 93' lang='lat' dir='ltr'>in</span> <span class='ocrx_word' id='word_1_274' title='bbox 290 2949 404 3014; x_wconf 88' lang='lat' dir='ltr'>morbo</span> <span class='ocrx_word' id='word_1_275' title='bbox 428 2948 501 3013; x_wconf 84' lang='lat' dir='ltr'>levi.</span> <span class='ocrx_word' id='word_1_276' title='bbox 543 2945 606 3013; x_wconf 90' lang='lat' dir='ltr'>Sed</span> <span class='ocrx_word' id='word_1_277' title='bbox 628 2951 666 3011; x_wconf 93' lang='lat' dir='ltr'>ut</span> <span class='ocrx_word' id='word_1_278' title='bbox 688 2948 759 3031; x_wconf 89' lang='lat' dir='ltr'>ille,</span> <span class='ocrx_word' id='word_1_279' title='bbox 788 2947 844 3031; x_wconf 89' lang='lat' dir='ltr'>qui</span> <span class='ocrx_word' id='word_1_280' title='bbox 866 2947 1016 3033; x_wconf 81' lang='lat' dir='ltr'>navigat,</span> <span class='ocrx_word' id='word_1_281' title='bbox 1043 2969 1118 3012; x_wconf 90' lang='lat' dir='ltr'>cum</span> 
     </span>
     <span class='ocr_line' id='line_1_33' title="bbox 105 3035 1118 3121; baseline -0.002 -19"><span class='ocrx_word' id='word_1_282' title='bbox 105 3037 213 3103; x_wconf 92' lang='lat' dir='ltr'>subito</span> <span class='ocrx_word' id='word_1_283' title='bbox 241 3058 331 3102; x_wconf 89' lang='lat' dir='ltr'>mare</span> <span class='ocrx_word' id='word_1_284' title='bbox 359 3036 465 3120; x_wconf 87' lang='lat' dir='ltr'>coepit</span> <span class='ocrx_word' id='word_1_285' title='bbox 487 3035 688 3118; x_wconf 77' lang='lat' dir='ltr'>horrescere,</span> <span class='ocrx_word' id='word_1_286' title='bbox 715 3039 749 3099; x_wconf 93' lang='lat' dir='ltr'>et</span> <span class='ocrx_word' id='word_1_287' title='bbox 771 3035 827 3100; x_wconf 93' lang='lat' dir='ltr'>ille</span> <span class='ocrx_word' id='word_1_288' title='bbox 851 3055 948 3121; x_wconf 81' lang='lat' dir='ltr'>aeger</span> <span class='ocrx_word' id='word_1_289' title='bbox 970 3035 1118 3120; x_wconf 78' lang='lat' dir='ltr'>ingrave-</span> 
     </span>
     <span class='ocr_line' id='line_1_34' title="bbox 105 3123 1118 3208; baseline -0.002 -18"><span class='ocrx_word' id='word_1_290' title='bbox 105 3129 213 3191; x_wconf 89' lang='lat' dir='ltr'>scente</span> <span class='ocrx_word' id='word_1_291' title='bbox 227 3124 342 3190; x_wconf 88' lang='lat' dir='ltr'>morbo</span> <span class='ocrx_word' id='word_1_292' title='bbox 357 3124 451 3188; x_wconf 88' lang='lat' dir='ltr'>unius</span> <span class='ocrx_word' id='word_1_293' title='bbox 467 3145 561 3208; x_wconf 90' lang='lat' dir='ltr'>opem</span> <span class='ocrx_word' id='word_1_294' title='bbox 575 3123 728 3208; x_wconf 79' lang='lat' dir='ltr'>inploret,</span> <span class='ocrx_word' id='word_1_295' title='bbox 743 3123 790 3189; x_wconf 90' lang='lat' dir='ltr'>sio</span> <span class='ocrx_word' id='word_1_296' title='bbox 802 3127 915 3188; x_wconf 91' lang='lat' dir='ltr'>noster</span> <span class='ocrx_word' id='word_1_297' title='bbox 930 3124 1070 3208; x_wconf 91' lang='lat' dir='ltr'>populus</span> <span class='ocrx_word' id='word_1_298' title='bbox 1082 3124 1118 3188; x_wconf 90' lang='lat' dir='ltr'>in</span> 
     </span>
     <span class='ocr_line' id='line_1_35' title="bbox 104 3208 1118 3299; baseline -0.003 -20"><span class='ocrx_word' id='word_1_299' title='bbox 104 3236 183 3299; x_wconf 90' lang='lat' dir='ltr'>pace</span> <span class='ocrx_word' id='word_1_300' title='bbox 202 3217 236 3278; x_wconf 91' lang='lat' dir='ltr'>et</span> <span class='ocrx_word' id='word_1_301' title='bbox 255 3211 343 3277; x_wconf 88' lang='lat' dir='ltr'>domi</span> <span class='ocrx_word' id='word_1_302' title='bbox 360 3212 502 3297; x_wconf 85' lang='lat' dir='ltr'>imperat</span> <span class='ocrx_word' id='word_1_303' title='bbox 516 3214 548 3275; x_wconf 95' lang='lat' dir='ltr'>et</span> <span class='ocrx_word' id='word_1_304' title='bbox 561 3211 643 3296; x_wconf 91' lang='lat' dir='ltr'>ipsis</span> <span class='ocrx_word' id='word_1_305' title='bbox 658 3211 907 3297; x_wconf 86' lang='lat' dir='ltr'>magistratibus</span> <span class='ocrx_word' id='word_1_306' title='bbox 920 3208 923 3298; x_wconf 75' lang='lat' dir='ltr'>l</span> <span class='ocrx_word' id='word_1_307' title='bbox 937 3212 995 3276; x_wconf 93' lang='lat' dir='ltr'>mi·</span> <span class='ocrx_word' id='word_1_308' title='bbox 1010 3214 1051 3292; x_wconf 87' lang='lat' dir='ltr'>[p.</span> <span class='ocrx_word' id='word_1_309' title='bbox 1067 3227 1118 3278; x_wconf 77' lang='lat'>102</span> 
     </span>
     <span class='ocr_line' id='line_1_36' title="bbox 64 3299 1119 3385; baseline 0.003 -25"><span class='ocrx_word' id='word_1_310' title='bbox 64 3319 92 3360; x_wconf 83' lang='grc' dir='ltr'>ιι</span> <span class='ocrx_word' id='word_1_311' title='bbox 105 3306 215 3384; x_wconf 89' lang='lat' dir='ltr'>natur,</span> <span class='ocrx_word' id='word_1_312' title='bbox 238 3304 380 3382; x_wconf 89' lang='lat' dir='ltr'>recusat,</span> <span class='ocrx_word' id='word_1_313' title='bbox 404 3299 563 3383; x_wconf 81' lang='lat' dir='ltr'>appellet,</span> <span class='ocrx_word' id='word_1_314' title='bbox 586 3304 757 3385; x_wconf 86' lang='lat' dir='ltr'>provocat,</span> <span class='ocrx_word' id='word_1_315' title='bbox 780 3299 816 3365; x_wconf 92' lang='lat' dir='ltr'>in</span> <span class='ocrx_word' id='word_1_316' title='bbox 838 3300 927 3365; x_wconf 95' lang='lat' dir='ltr'>bello</span> <span class='ocrx_word' id='word_1_317' title='bbox 952 3300 998 3365; x_wconf 88' lang='lat' dir='ltr'>sic</span> <span class='ocrx_word' id='word_1_318' title='bbox 1023 3303 1119 3384; x_wconf 82' lang='lat' dir='ltr'>paret</span> 
     </span>
     <span class='ocr_line' id='line_1_37' title="bbox 105 3387 1119 3475; baseline -0.003 -21"><span class='ocrx_word' id='word_1_319' title='bbox 105 3393 142 3455; x_wconf 93' lang='lat' dir='ltr'>ut</span> <span class='ocrx_word' id='word_1_320' title='bbox 163 3389 248 3475; x_wconf 80' lang='lat' dir='ltr'>regi3</span> <span class='ocrx_word' id='word_1_321' title='bbox 270 3389 359 3452; x_wconf 88' lang='lat' dir='ltr'>valet</span> <span class='ocrx_word' id='word_1_322' title='bbox 382 3389 468 3452; x_wconf 89' lang='lat' dir='ltr'>enim</span> <span class='ocrx_word' id='word_1_323' title='bbox 488 3388 576 3452; x_wconf 83' lang='lat' dir='ltr'>salus</span> <span class='ocrx_word' id='word_1_324' title='bbox 595 3388 669 3472; x_wconf 92' lang='lat' dir='ltr'>plus</span> <span class='ocrx_word' id='word_1_325' title='bbox 689 3410 788 3471; x_wconf 85' lang='lat' dir='ltr'>quam</span> <span class='ocrx_word' id='word_1_326' title='bbox 806 3388 917 3454; x_wconf 91' lang='lat' dir='ltr'>libido.</span> <span class='ocrx_word' id='word_1_327' title='bbox 955 3387 1119 3453; x_wconf 76' lang='lat' dir='ltr'>Graviori-</span> 
     </span>
     <span class='ocr_line' id='line_1_38' title="bbox 104 3475 1119 3562; baseline -0.004 -19"><span class='ocrx_word' id='word_1_328' title='bbox 104 3477 165 3543; x_wconf 87' lang='lat' dir='ltr'>bus</span> <span class='ocrx_word' id='word_1_329' title='bbox 197 3498 275 3543; x_wconf 84' lang='lat' dir='ltr'>vero</span> <span class='ocrx_word' id='word_1_330' title='bbox 307 3475 403 3540; x_wconf 90' lang='lat' dir='ltr'>bellis</span> <span class='ocrx_word' id='word_1_331' title='bbox 437 3475 537 3540; x_wconf 89' lang='lat' dir='ltr'>etiam</span> <span class='ocrx_word' id='word_1_332' title='bbox 567 3475 637 3542; x_wconf 89' lang='lat' dir='ltr'>sine</span> <span class='ocrx_word' id='word_1_333' title='bbox 660 3477 794 3562; x_wconf 71' lang='lat' dir='ltr'>&#39;collega</span> <span class='ocrx_word' id='word_1_334' title='bbox 821 3498 916 3542; x_wconf 89' lang='lat' dir='ltr'>omne</span> <span class='ocrx_word' id='word_1_335' title='bbox 943 3475 1119 3562; x_wconf 90' lang='lat' dir='ltr'>imperium</span> 
     </span>
    </p>
   </div>
   <div class='ocr_carea' id='block_1_4' title="bbox 0 0 1312 3882">
    <p class='ocr_par' dir='ltr' id='par_1_4' title="bbox 0 0 1312 3882">
     <span class='ocr_line' id='line_1_39' title="bbox 0 0 1312 3882; baseline 0 0"><span class='ocrx_word' id='word_1_336' title='bbox 0 0 1312 3882; x_wconf 95' lang='lat' dir='ltr'> </span> 
     </span>
    </p>
   </div>
  </div>
 </body>
</html>
