2630 3890
451 95 527 206 ΟΠ).
548 157 625 205 1-3.
649 155 664 214 ,ἃ
685 155 761 206 1-5,
1053 149 1118 214 253

107 293 252 360 tionibus
285 294 537 359 consumebatur
566 293 685 377 oratio,
717 293 815 378 idque
846 295 880 358 et
912 315 1008 378 saepe
1036 292 1118 360 alias

107 388 152 473 et,
169 383 308 466 quodam
336 383 500 465 liberiore,
530 404 628 466 quam
655 381 796 464 solebat,
826 385 860 446 et
887 382 993 468 magis
1015 403 1118 447 vacuo

108 472 150 536 ab
168 471 445 535 interventoribus
465 470 524 554 die,
544 492 617 535 cum
637 470 677 534 ad
696 491 748 534 me
767 470 824 534 ille
841 470 994 552 venisset,
1013 471 1118 554 primo

108 581 160 643 ea,
188 581 271 644 quae
295 563 389 623 erant
411 559 575 625 cotidiana
597 561 631 622 et
655 558 749 642 quasi
771 557 921 642 legitima
942 558 1052 642 nobis,
1079 557 1120 622 de

79 667 188 734 space
212 651 244 712 et
268 647 306 711 de
330 647 407 712 otio.

175 734 299 811 Quibus
322 736 405 800 actis
428 732 512 809 Quid
536 734 636 818 ergo?
658 733 766 818 inquit
788 734 853 819 ille,
876 733 1030 818 quoniam
1050 711 1159 838 ora-g

108 824 210 892 terias
226 823 470 888 exercitationes
485 844 551 887 non
564 826 602 886 tu
615 823 756 906 quidem,
773 827 811 886 ut
825 844 929 907 spere,
948 823 1120 907 reliquisti,

109 912 166 977 sed
197 915 284 977 certe
314 911 556 996 philosophiam
587 910 652 974 illis
683 911 912 996 anteposuisti,
944 931 1119 996 possumne

108 1000 232 1085 aliquid
255 1000 388 1065 audire?
424 999 474 1064 Tu
496 1019 587 1082 vero,
614 999 760 1083 inquam,
788 999 841 1064 vel
865 999 975 1065 audire
997 1000 1050 1064 vel
1074 999 1120 1063 di-

70 1107 95 1147 10
108 1111 194 1172 cere3
220 1109 280 1153 nec
303 1088 398 1172 enirn,
420 1088 454 1152 id
477 1087 562 1171 quod
585 1091 672 1152 recte
695 1087 872 1170 existimas,
895 1087 1038 1152 oratoria
1060 1087 1121 1152 illa

109 1177 218 1243 studia
247 1176 386 1260 desemi,
417 1176 534 1261 quibus
564 1175 664 1240 etiam
691 1179 724 1240 te
751 1175 891 1260 incendi,
922 1197 1120 1260 quamquam

108 1265 408 1352 flagrantissumum
431 1285 627 1349 acceperam,
649 1285 708 1329 nec
731 1284 777 1347 ea,
800 1285 882 1348 quae
900 1285 986 1330 nuno
1003 1267 1120 1348 tracto,

109 1356 272 1436 minuunt,
300 1352 356 1417 sed
383 1356 505 1439 augent
532 1352 641 1437 potius
666 1352 761 1417 illam
787 1351 987 1417 facultatem.
1032 1351 1120 1417 Nam

109 1464 183 1508 cum
201 1442 264 1507 hoc
281 1461 398 1525 genere
417 1440 654 1525 philosophiae,
674 1440 760 1524 quod
777 1461 838 1505 nos
857 1440 1031 1526 sequimur,
1053 1463 1120 1505 ma·

68 1549 95 1590 rs
110 1553 210 1618 gnam
237 1529 338 1594 habet
361 1533 472 1594 orator
495 1531 698 1612 societatem3
727 1528 945 1594 subtilitatem
969 1529 1054 1594 enim
1078 1529 1121 1594 ab

109 1619 287 1684 Academia
315 1621 484 1682 mutuatur
515 1622 548 1680 et
577 1616 607 1681 ei
634 1615 778 1682 vicissim
805 1616 911 1682 reddit
937 1618 1121 1682 ubertatem

111 1707 268 1773 orationis
301 1709 334 1770 et
362 1709 552 1770 ornamenta
580 1705 713 1770 dicendi.
759 1703 863 1780 Quam
892 1706 934 1770 ob
961 1728 1043 1790 rem,
1074 1705 1122 1770 in·

111 1817 222 1880 quam,
246 1793 399 1879 quoniam
422 1793 591 1878 utriusque
615 1792 714 1856 studii
736 1796 851 1858 nostra
873 1795 1037 1878 possessio
1061 1797 1121 1878 est,

109 1882 220 1967 hodie,
242 1887 318 1947 utro
344 1882 410 1947 frui
438 1881 549 1965 malis,
579 1881 670 1966 optio
694 1881 738 1946 sit
760 1885 827 1947 tua.
872 1879 957 1947 Tum
978 1881 1121 1947 Hirtius:

69 1990 97 2030 ao
111 1971 361 2054 Gratissunium,
385 1971 499 2055 inquit,
522 1972 556 2035 et
577 1973 707 2035 tuorum
732 1971 875 2034 omnium
895 1970 1014 2055 simile3
1036 1970 1120 2035 nihil

111 2061 197 2126 enim
224 2081 378 2144 umquam
406 2058 521 2124 abnuit
542 2079 615 2122 meo
638 2057 746 2123 studio
769 2059 922 2124 voluntas
945 2062 1012 2123 tua.
1058 2055 1158 2124 Sed4

112 2147 265 2234 quoniam
287 2147 450 2213 rhetorica
473 2146 553 2211 mihi
575 2149 686 2211 vestra
708 2149 785 2211 sunt
807 2150 887 2211 nota
908 2149 1005 2231 teque
1026 2146 1121 2212 iniis

111 2240 145 2302 et
168 2236 350 2302 audivimus
373 2257 469 2320 saepe
492 2237 526 2299 et
548 2235 715 2299 audiemus
739 2239 836 2319 atque
854 2235 940 2300 hanc
953 2233 1122 2300 Academi-

111 2347 223 2391 corum
256 2327 370 2390 eontra
400 2322 605 2409 propositum
637 2323 824 2407 disputandi
856 2323 1121 2388 consuetudinem

69 2430 96 2472 2⁵
111 2413 256 2478 indicant
274 2418 307 2477 te
326 2413 506 2497 suscepisse
520 2411 719 2476 Tusculanae
738 2411 984 2495 disputationes,
1001 2432 1122 2496 ponere

112 2502 250 2586 aliquid,
278 2501 318 2566 ad
346 2501 431 2586 quod
460 2498 603 2583 audiam,
630 2499 659 2564 si
686 2499 748 2563 tibi
775 2521 841 2564 non
864 2503 914 2564 est
937 2499 1121 2583 molestum,

112 2591 197 2655 volo.
239 2590 293 2654 An
316 2589 410 2672 mihi,
433 2589 578 2672 inquam,
601 2591 711 2673 potest
735 2587 907 2671 quiequam
930 2608 1000 2652 esse
1023 2587 1122 2652 mole·

112 2683 209 2762 stum,
233 2677 318 2762 quod
340 2678 403 2742 tibi
426 2680 556 2763 gratum
578 2675 725 2740 futurum
747 2676 813 2742 sit?
846 2672 908 2740 Sed
930 2673 978 2740 ita
1002 2675 1122 2760 audies,

111 2771 150 2832 ut
165 2766 349 2831 Romanurn
367 2765 541 2849 hominem,
560 2768 597 2830 ut
615 2765 728 2834 timide
746 2763 981 2848 ingredientem
1001 2763 1122 2829 adhoc

71 2873 215 2941 sugerius
239 2853 438 2940 disputandi,
460 2857 498 2917 ut
520 2853 620 2939 longo
644 2853 818 2917 intervallo
841 2851 921 2917 haec
944 2851 1053 2916 studia
1074 2873 1122 2916 re

112 2947 286 3028 petentem.
325 2942 391 3024 Ita,
416 2942 535 3026 inquit,
558 2941 687 3005 audiam
710 2945 744 3005 te
768 2940 1001 3026 disputantem,
1024 2943 1061 3004 ut
1084 2962 1122 3004 ea

112 3033 198 3118 lego,
221 3053 303 3116 quae
322 3030 490 3115 scripsisti.
521 3028 661 3093 Proinde
680 3029 794 3093 ordire.
827 3026 1041 3094 Considamus
1060 3027 1122 3094 hie.
1142 3086 1163 3146 3

187 3141 393 3204 ...quorum
416 3119 451 3182 in
474 3117 556 3201 aliis,
579 3121 616 3182 ut
638 3117 673 3181 in
696 3116 873 3201 Antipatro
896 3121 1003 3200 polita,
1026 3119 1063 3181 ut
1087 3117 1158 3210 in5

112 3208 253 3274 brumali
277 3207 327 3272 die
345 3207 442 3290 natis,
465 3207 554 3270 utin
572 3206 670 3270 simul
689 3205 936 3290 aegrotantibus
954 3204 1123 3289 fratribus,

71 3311 99 3353 ³⁵
111 3300 150 3362 ut
171 3297 207 3361 in
228 3295 331 3379 urina,
353 3295 448 3360 utin
469 3295 642 3381 unguibus,
666 3297 703 3358 ut
724 3295 759 3358 in
781 3293 916 3378 reliquis
937 3291 1123 3376 eiusmodi,

111 3391 249 3450 naturae
277 3383 429 3470 contagio
455 3382 558 3466 valet,
586 3405 683 3467 quam
706 3403 767 3466 ego
789 3403 856 3447 non
877 3381 976 3465 tollo,
998 3381 1048 3446 vis
1072 3384 1123 3446 est

111 3474 205 3538 nulla
234 3471 361 3553 fatalis3
393 3471 428 3537 in
455 3471 529 3536 aliis
558 3474 667 3536 autem
696 3470 834 3536 fortuita
864 3471 1021 3555 quaedam
1051 3490 1123 3534 esse
