2566 3876
362 199 430 256 ΜΒ.
449 201 470 256 1.
491 199 568 256 OAP.
588 206 701 256 15-18.
719 207 735 266 s
752 206 867 256 42-48.
1052 198 1116 263 397

101 343 316 412 diiudicanda
344 348 430 409 sunt.
472 342 561 409 Nam
591 343 620 408 si
649 343 801 429 opinione
827 344 979 409 universa
1004 343 1120 427 virtus,

101 434 223 499 eadem
246 434 315 498 eius
334 433 434 497 etiam
451 436 563 517 partes
581 432 813 517 probarentur3
835 433 907 516 quis
926 432 1028 518 igitur
1046 454 1120 516 pru·

101 522 241 587 dentem
264 525 306 605 et,
328 525 366 585 ut
388 521 436 585 ita
459 521 575 604 dicam,
596 523 706 585 catum
728 542 795 586 non
817 521 976 604 exipsius
995 519 1120 603 habitu,

102 611 166 675 sed
190 631 230 676 ex
254 609 364 693 aliqua
385 631 421 673 re
440 613 574 674 externa
591 608 732 673 iudicet?
755 612 806 674 est
824 608 910 672 enim
927 608 1032 673 virtus
1050 629 1121 693 per·

75 699 197 765 sfeota
226 698 327 782 ratio,
359 698 446 782 quod
471 700 559 762 certe
585 696 621 761 in
646 700 764 761 natura
790 700 855 780 est3
885 696 987 782 igitur
1015 695 1121 761 omnis

101 787 267 852 honestas
290 786 403 851 eodem
425 785 531 850 modo.
566 783 653 849 Nam
676 788 715 849 ut
731 807 810 850 vera
827 789 861 849 et
877 784 971 868 falsa,
992 788 1031 849 ut
1049 805 1122 850 con·
1133 783 1173 848 17

104 874 282 960 sequentia
304 878 338 940 et
360 873 525 939 contraria
547 893 608 938 sua
627 877 753 957 sponte,
774 894 841 938 non
858 873 965 938 aliena
981 872 1123 938 iudican-

104 968 181 1049 tur,
204 963 252 1028 sic
274 965 428 1028 constans
451 965 485 1025 et
506 965 665 1046 perpetua
686 962 771 1026 ratio
794 962 890 1045 vitae,
913 983 995 1045 quae
1017 961 1123 1026 virtus

106 1057 171 1138 est,
193 1051 338 1135 itemque
355 1050 585 1133 inconstantia,
607 1049 694 1133 quod
712 1053 763 1115 est
779 1049 906 1128 vitium,
928 1071 988 1115 sua
1004 1053 1124 1115 natura

69 1159 93 1198 ιο
113 1139 362 1225 ...probarit
383 1160 445 1204 nos
467 1138 598 1222 ingenia
619 1139 772 1202 iuvenum
792 1159 861 1204 non
881 1139 984 1203 item?
1012 1160 1055 1202 an
1076 1139 1124 1203 in-
1141 1148 1176 1197 46

108 1229 211 1317 genia
236 1231 368 1311 natura,
393 1226 534 1292 virtutes
562 1229 595 1291 et
617 1226 712 1310 vitia,
740 1248 823 1310 quae
845 1225 993 1291 existunt
1013 1227 1058 1292 ab
1076 1227 1124 1291 in·

108 1317 228 1405 geniis,
250 1316 347 1381 aliter
368 1314 619 1380 iudicabuntur?
642 1336 685 1378 an
707 1336 746 1380 ea
767 1335 834 1380 non
856 1315 962 1397 aliter,
984 1315 1124 1380 honesta

109 1411 144 1471 et
168 1404 279 1490 turpia
300 1425 368 1468 non
390 1403 432 1468 ad
453 1406 606 1468 naturam
627 1402 742 1466 referri
763 1424 895 1469 necesse
918 1403 1004 1468 erit?
1032 1402 1125 1479 Quod

108 1493 278 1559 laudabile
309 1493 432 1558 bonum
461 1495 525 1574 est,
556 1491 592 1555 in
622 1512 657 1555 se
685 1490 819 1575 habeat,
852 1491 938 1577 quod
965 1491 1125 1576 laudetur,

74 1599 96 1639 1⁵
110 1603 244 1648 necesse
271 1584 335 1665 est3
361 1580 471 1665 ipsum
493 1578 580 1644 enim
601 1578 724 1644 bonum
745 1601 812 1644 non
835 1583 886 1644 est
909 1579 1125 1665 opinionibus,

111 1671 170 1736 sed
197 1673 330 1754 natura3
356 1690 434 1734 nam
455 1668 491 1732 ni
512 1668 562 1732 ita
583 1671 683 1750 esset,
709 1666 799 1732 beati
822 1689 950 1752 quoque
973 1670 1125 1754 opinione

111 1761 237 1842 essent3
260 1778 324 1841 quo
348 1757 425 1840 quid
448 1755 511 1821 dici
533 1759 644 1840 potest
661 1755 817 1821 stultius?
848 1755 955 1832 Quare
974 1778 1073 1841 quom
1092 1761 1126 1822 et

111 1849 237 1913 bonum
260 1849 294 1910 et
315 1846 439 1910 malum
461 1847 579 1909 natura
596 1843 755 1908 iudicetur
773 1847 806 1908 et
824 1865 863 1908 ea
881 1845 949 1910 sint
966 1845 1126 1932 principia

111 1940 260 2017 naturae,
283 1937 371 1999 certe
392 1933 532 1998 honesta
554 1954 682 2017 quoque
701 1936 734 1996 εὴ
751 1932 862 2017 turpia
880 1933 980 1998 simili
998 1934 1126 2000 ratione

75 2041 100 2080 2⁰
114 2022 320 2088 diiudicanda
347 2024 382 2086 et
407 2020 450 2086 ad
474 2025 627 2086 naturam
649 2019 818 2085 referenda
839 2025 925 2086 sunt.
970 2019 1034 2087 Sed
1055 2045 1125 2108 per·
1144 2028 1176 2079 4²

113 2111 230 2177 turbat
251 2131 312 2176 nos
335 2109 525 2195 opinionum
547 2109 689 2174 varietas
707 2107 940 2195 hominumque
958 2109 1126 2196 dissensio,

116 2205 150 2266 et
176 2199 254 2283 quia
279 2219 346 2263 non
373 2197 459 2262 idem
482 2198 645 2282 contingit
670 2196 706 2261 in
732 2197 896 2282 sensibus,
924 2197 985 2264 hos
1007 2203 1127 2266 natura

116 2291 222 2354 certos
249 2290 418 2372 putamus,
446 2285 520 2369 illa,
550 2307 632 2369 quae
660 2285 735 2350 aliis
762 2287 823 2370 sic,
850 2287 925 2351 aliis
953 2308 1045 2351 secus
1067 2309 1127 2353 nec

115 2377 219 2442 isdem
233 2396 369 2460 semper
389 2395 455 2438 uno
478 2373 574 2438 modo
597 2373 760 2458 videntur,
782 2375 861 2440 ficta
882 2396 953 2440 esse
977 2375 1126 2461 dicimus3

79 2465 205 2550 equod
232 2466 283 2528 est
308 2464 407 2548 longe
434 2462 539 2526 aliter.
583 2459 671 2526 Nam
693 2481 807 2526 sensus
829 2467 961 2528 nostros
983 2484 1050 2528 non
1071 2486 1127 2549 pa·

118 2575 201 2636 rens,
223 2572 291 2616 non
306 2551 426 2634 nutrix,
448 2571 516 2615 non
533 2549 699 2635 magister,
717 2571 784 2614 non
800 2553 908 2634 poeta,
925 2572 992 2615 non
1011 2572 1128 2617 scaena

120 2643 288 2727 depravat,
309 2659 377 2716 non
399 2637 618 2703 multitudinis
641 2658 817 2704 consensus
839 2638 1014 2704 abducite
1035 2661 1128 2726 ver03

120 2729 235 2796 animis
254 2749 366 2792 omnes
384 2726 561 2792 tenduntur
578 2726 716 2791 insidiae
734 2726 786 2791 rel
805 2727 847 2790 ab
865 2726 917 2812 iis,
935 2749 1018 2811 quos
1031 2729 1127 2794 modo

121 2816 313 2901 enumeravi,
335 2815 392 2900 qui
413 2819 543 2879 teneros
566 2819 599 2879 εὴ
621 2815 717 2879 rudes
740 2836 839 2898 quom
857 2820 1058 2901 acceperunt,
1080 2817 1127 2881 in-

83 2922 108 2962 w
120 2907 231 2972 ficiunt
253 2908 287 2968 et
308 2904 453 2988 flectunt,
474 2907 513 2967 ut
533 2903 658 2985 volunt,
680 2902 732 2968 vel
756 2903 798 2967 ab
821 2924 869 2986 ea,
892 2925 975 2988 quae
996 2905 1127 2989 penitus

120 2996 154 3060 in
175 2993 265 3059 omni
288 3014 385 3058 sensu
404 2991 562 3076 inplicata
578 2991 706 3074 insidet,
728 2990 889 3055 imitatrix
907 2991 994 3075 boni,
1016 2992 1129 3077 volup·

121 3087 181 3168 tas,
201 3081 364 3146 malorum
386 3084 496 3145 autem
519 3083 625 3146 mater
645 3079 804 3162 omnium,
821 3079 936 3162 quoius
959 3079 1128 3146 blanditiis

122 3169 283 3324 t‘zfssttz
304 3167 855 3323 iiiiiittatssitntutiaqffi
877 3167 1045 3234 auam
1066 3169 1129 3235 ¹¹²⁰

418 3307 427 3340 ,
779 3305 787 3320 .

86 3363 110 3405 aa
185 3344 352 3431 Sequitur,
383 3348 421 3409 ut
451 3345 604 3411 conclusa
635 3343 716 3408 mihi
746 3344 813 3409 iam
842 3344 923 3410 haec
949 3345 995 3410 sit
1022 3346 1127 3411 omnis

122 3435 235 3519 oratio,
256 3433 291 3500 id
310 3434 397 3518 quod
414 3437 491 3499 ante
509 3434 619 3500 oculos
638 3455 678 3498 ex
693 3431 736 3497 iis
753 3435 814 3517 est,
836 3454 919 3516 quae
938 3433 1128 3513 dictasunt,

122 3527 154 3590 et
173 3523 226 3590 ius
243 3524 279 3588 et
295 3542 392 3588 omne
409 3521 582 3588 honestum
600 3542 661 3586 sua
676 3523 794 3608 sponte
811 3541 887 3588 esse
901 3522 1128 3609 expetendum

1139 3307 1181 3433 s
