2610 3894
328 147 397 204 ΗΒ.
416 147 465 205 111.
485 147 561 205 cAP.
581 155 678 205 s-ro.
701 154 849 216 §ao-rc.
1035 149 1101 214 115

90 293 252 359 fidicinem
275 292 375 358 etiam
397 295 431 357 et
453 291 639 377 tubicinem,
662 293 827 377 quoniam·
840 314 950 358 earum
974 314 1102 380 quoque
1205 299 1207 304 ’
1291 273 1292 278 ¹

91 382 211 447 artium
228 381 377 446 homines
396 401 435 446 ex
453 402 492 447 eo
510 383 744 466 procreantur?
771 380 865 446 Nihil
878 381 981 469 igitur
996 382 1103 446 adfert

90 474 183 555 pater
205 470 269 535 iste
288 467 480 552 Stoicorum,
503 491 603 554 qnare
626 469 782 535 mundum
799 471 926 535 ratione
944 469 994 535 uti
1011 473 1103 555 pute-

90 579 171 643 mus,
193 580 235 622 ne
258 579 315 624 cur
338 557 537 622 animantem
561 556 689 641 quidem
713 579 791 624 esse.
828 556 904 623 Nou
927 562 978 624 est
1000 557 1103 646 igitur

66 645 230 711 amundus
252 646 340 730 deus,
363 649 396 710 et
418 648 530 710 tamen
550 644 634 710 nihil
657 649 708 710 est
730 668 769 712 eo
792 645 923 729 melius3
945 645 1028 712 nihil
1052 649 1103 712 est

89 735 177 800 enim
195 756 233 799 eo
247 733 425 819 pulchrius,
443 733 526 798 nihil
542 733 719 798 salutarius
732 735 837 819 nobis,
854 734 939 799 nihil
955 734 1103 800 ornatius

90 825 224 909 aspectu
247 826 402 906 motuque
425 821 638 887 constantius.
679 819 801 898 Quodsi
819 822 957 889 mundus
976 823 1103 888 univer·

90 933 145 976 sus
162 932 231 976 non
248 914 299 976 est
317 911 404 995 deus,
422 931 463 975 ne
483 909 598 975 stellae
617 909 756 995 quidem,
775 914 908 996 questu
921 911 1104 976 innumera·

89 999 167 1064 bilis
189 999 225 1063 in
247 998 381 1064 deorum
402 1019 539 1064 numero
560 999 750 1084 reponebas,
773 1020 910 1083 quarum
932 1003 967 1064 te
989 1019 1103 1064 cursus

54 1087 277 1172 inaequabiles
301 1087 488 1171 aeternique
516 1086 735 1171 delectabant,
766 1108 827 1153 nec
849 1087 1034 1153 mehercule
1056 1087 1104 1152 in·

88 1177 188 1259 iuria,
215 1178 292 1240 sunt
319 1175 405 1240 enim
433 1175 619 1240 admirabili
640 1174 886 1260 incredibilique
909 1175 1103 1241 constantia.

89 1262 153 1330 Sed
170 1286 238 1328 non
256 1263 374 1346 omnia,
391 1262 504 1347 Balbe,
523 1284 605 1349 quae
624 1284 737 1328 cursus
751 1269 857 1329 certos
872 1267 905 1328 ct
919 1265 1100 1330 constantis
1120 1276 1156 1326 24

89 1353 226 1435 habent,
255 1373 294 1417 ea
320 1351 380 1416 deo
407 1352 517 1437 potius
540 1350 713 1416 tribuenda
735 1356 811 1417 sunt
835 1373 933 1436 quam
955 1356 1101 1417 naturae.

90 1440 175 1518 Quid
206 1438 391 1505 Chalcidico
418 1440 543 1524 Euripo
572 1439 607 1503 in
635 1443 728 1504 motu
756 1439 933 1505 identidem
962 1440 1156 1526 recipro·10

52 1548 77 1588 ιε
91 1528 195 1595 cando
222 1531 320 1614 putas
346 1527 419 1592 fieri
440 1549 537 1614 posse
560 1527 785 1592 constantius?
815 1528 893 1612 quid
914 1527 1000 1594 freto
1026 1528 1103 1594 Sici·

90 1615 210 1682 liensi?
234 1616 312 1702 quid
334 1616 455 1682 Oceani
476 1615 605 1682 fervore
627 1616 696 1680 illis
718 1615 753 1680 in
776 1615 866 1701 locis,

134 1737 328 1825 Europam
340 1737 577 1824 Libyamque
595 1761 715 1824 rapax
733 1739 800 1804 ubi
818 1739 961 1805 dividit
979 1742 1103 1808 unda?

91 1881 197 1960 Quid?
221 1884 331 1947 aestus
353 1843 512 1946 maritimi
527 1880 581 1946 rel
599 1840 834 1966 Hispaniedsea
851 1882 904 1947 vel
920 1879 1103 1948 Britannici

90 1991 267 2055 corumque
289 1968 387 2035 certis
409 1969 612 2054 temporibus
635 1969 687 2034 vel
711 1989 859 2036 accessus
881 1971 934 2036 vel
956 1992 1103 2036 recessus

51 2078 77 2118 2⁰
91 2059 161 2126 siue
190 2058 250 2123 deo
271 2058 344 2123 fieri
365 2079 433 2123 non
454 2057 614 2143 possunt?
659 2056 755 2142 Vide,
783 2079 917 2143 quaeso,
945 2059 974 2124 si
997 2059 1102 2124 omnis

90 2150 201 2214 motus
222 2146 404 2230 omniaque,
422 2166 505 2230 quae
519 2145 616 2211 certis
630 2145 833 2231 temporibus
848 2147 994 2212 ordinem
1008 2169 1103 2213 suum

89 2238 295 2319 conservant,
318 2233 427 2299 divina
445 2233 590 2318 dicimus,
612 2254 653 2298 ne
671 2233 830 2300 tertianas
849 2257 977 2322 quoque
993 2235 1103 2300 febres

89 2328 125 2390 et
146 2327 324 2408 quartanas
344 2321 469 2388 divinas
488 2343 559 2388 esse
577 2321 746 2387 dicendum
765 2323 818 2407 sit,
842 2345 979 2408 quarum
997 2344 1103 2389 rever-

89 2413 183 2478 sione
207 2415 241 2477 et
263 2414 355 2476 motu
378 2409 456 2495 quid
477 2414 588 2496 potest
610 2431 680 2476 esse
699 2411 925 2477 constantius?
955 2408 1018 2492 Sed
1037 2433 1102 2476 om·

49 2519 74 2560 aa
87 2501 183 2566 nium
214 2499 332 2565 talium
363 2519 472 2564 rerum
503 2498 589 2564 ratio
621 2499 783 2565 reddenda
814 2503 873 2565 est.
923 2496 1017 2575 Quod
1042 2519 1102 2564 ros
1121 2511 1155 2561 25

88 2611 167 2656 cum
187 2587 295 2653 facere
316 2608 385 2652 non
403 2587 552 2673 potestis,
574 2590 743 2671 tamquam
760 2587 796 2652 in
814 2609 906 2652 aram
924 2586 1102 2672 confligitis

88 2678 133 2744 ad
157 2676 261 2742 deum.
771 2701 774 2712 ’

157 2765 204 2830 Et
226 2763 428 2849 Chrysippus
455 2763 519 2828 tibi
546 2766 639 2829 acute
663 2763 767 2829 dicere
789 2761 974 2847 videbatur,
1002 2761 1102 2829 homo

89 2854 162 2921 sine
186 2852 285 2918 dubio
306 2856 459 2918 versutus
481 2855 516 2917 et
538 2851 675 2918 callidus
699 2849 861 2938 (versutos
885 2871 941 2916 eos
962 2851 1102 2937 appello,

48 2959 75 3000 ³⁰
90 2963 233 3028 quorum
255 2940 403 3007 celeriter
426 2961 517 3005 mens
539 2944 703 3024 versatur,
725 2938 861 3005 callidos
885 2941 1002 3024 autem,
1025 2961 1103 3024 quo·

88 3054 179 3114 rum,
206 3034 376 3115 tamquam
397 3049 513 3093 manus
537 3049 647 3114 opere,
674 3027 721 3093 sie
744 3026 871 3092 animus
894 3048 955 3092 usu
978 3028 1103 3093 concal-

89 3117 184 3206 luit);
211 3118 240 3183 is
267 3117 383 3204 igitur:
412 3113 463 3182 ‘Si
485 3116 609 3200 aliquid
631 3115 708 3200 est',
730 3114 850 3200 inquit,
879 3113 981 3200 ‘quod
1002 3115 1102 3192 homo

89 3208 221 3274 efficere
242 3227 310 3271 non
331 3204 451 3291 possit,
474 3204 530 3290 qui
552 3204 586 3268 id
609 3203 723 3289 efficit,
745 3203 861 3268 melior
884 3207 935 3268 est
956 3203 1102 3289 hominm

87 3297 192 3362 homo
216 3298 325 3360 autem
348 3293 441 3376 haec,
468 3313 550 3377 quae
572 3292 608 3357 in
629 3292 749 3358 mundo
773 3295 862 3377 sunt,
886 3291 1013 3358 efficere
1035 3313 1103 3358 non

47 3400 73 3442 ⁸⁵
87 3387 218 3540 {llll
240 3381 432 3556 liridi*
444 3379 1103 3556 {dimioiirifiiiiidiiiihhlgbffi

852 3573 889 3627 81
