2630 3890
460 125 537 184 CAP.
557 133 635 184 3-5.
654 133 669 194 ξ
688 133 784 185 5—10.
1058 128 1132 194 255

110 270 176 356 peii
198 271 308 356 potius
333 293 431 355 quam
453 270 488 336 in
511 293 626 357 campo
650 271 875 338 ambulemus?
898 275 1006 337 tecum
1025 295 1127 357 quam

110 381 185 425 cum
212 359 299 423 alio?
336 357 449 424 Idibus
476 360 708 444 potiusquam
731 358 912 426 Kalendis?
951 359 999 426 Ut
1021 360 1128 447 igitur

110 447 152 513 ad
176 447 334 531 quasdam
358 469 410 512 res
432 451 551 513 natura
573 449 636 518 loci
654 449 797 532 pertinet
816 447 948 533 aliquid,
971 449 1012 514 ad
1031 471 1138 533 quas-¹

111 535 186 600 darn
210 539 320 601 autem
344 535 436 620 nihil,
460 536 507 602 sic
530 539 693 601 astrorum
713 536 853 601 adfectio
875 537 994 621 valeat,
1018 537 1128 622 siris,

82 623 152 689 aad
171 623 329 708 quasdam
347 643 409 708 res,
428 623 469 688 ad
488 625 593 690 omnis
612 629 699 689 certe
716 647 784 689 non
801 624 935 689 valebit.
962 625 1010 688 At
1029 626 1126 707 enim,

112 711 265 797 quoniam
289 713 323 776 in
345 712 473 776 naturis
493 712 662 778 hominum
675 711 960 778 ‘dissimilitudines
980 717 1065 798 sunt,
1087 718 1129 778 ut

112 800 195 865 alios
219 799 339 880 dulcia,
368 801 450 866 alios
474 801 649 866 subamara
671 801 846 885 delectent,
870 801 928 866 alii
950 801 1126 886 libidinosi,

111 889 169 954 alii
186 887 333 954 iracundi
353 892 410 954 aut
428 889 571 954 crudeles
587 893 644 954 aut
658 889 790 973 superbi
804 889 879 973 sint,
898 889 954 954 alii
967 911 989 954 a
1001 890 1124 955 talibus

109 976 201 1042 vitiis
225 976 438 1061 abhorreant,
461 1013 505 1024 -—
528 977 683 1062 quoniam
705 977 821 1063 igitur,
848 977 968 1063 inquit,
995 981 1125 1043 tantum

70 1068 231 1130 sanatura
253 1087 274 1130 a
295 1069 415 1130 natura
437 1065 546 1149 distat,
570 1065 646 1150 quid
670 1065 789 1130 mirum
812 1068 863 1130 est
881 1065 942 1130 has
961 1065 1124 1131 dissimili-

109 1151 239 1218 tudines
264 1175 302 1218 ex
326 1152 548 1218 differentibus
572 1153 678 1218 causis
701 1175 772 1218 esse
792 1151 923 1219 ¹factas?
1143 1207 1169 1271 5

176 1239 267 1306 Haec
289 1241 460 1324 disserens,
482 1263 546 1325 qua
569 1241 608 1308 da
630 1263 666 1306 re
689 1246 816 1328 agatur,
840 1241 925 1306 etin
944 1264 1007 1326 qno
1026 1264 1124 1308 cansa
1143 1286 1163 1334 9

110 1329 285 1413 consistat,
311 1351 378 1395 non
400 1329 496 1394 videt.
540 1327 616 1394 Non
639 1331 738 1412 enim,
767 1329 876 1395 sialii
899 1331 1029 1396 adalia
1051 1353 1124 1416 pro-

70 1522 97 1564 n
110 1417 1124 1592 titillaritltltllsstnittltttltttlt
1176 1450 1177 1455 '

109 1616 189 1659 num
208 1597 285 1660 sunt
303 1615 419 1660 causae
438 1595 606 1660 naturales
625 1598 658 1659 et
677 1596 911 1660 antecedentes.
940 1594 1027 1661 Nam
1040 1596 1124 1660 nihil

111 1686 198 1748 esset
219 1683 255 1747 in
276 1687 391 1747 nostra
413 1686 589 1767 potestate,
612 1683 640 1748 si
663 1683 711 1748 ita
730 1705 764 1748 se
783 1705 835 1748 res
853 1683 998 1749 haberet.
1029 1683 1124 1750 Nunc

110 1791 187 1836 vero
210 1771 366 1855 fatemur,
390 1771 477 1836 acuti
498 1770 682 1855 hebetesne,
704 1773 851 1836 valentes
874 1771 1060 1838 inbecilline
1084 1774 1125 1838 si-

110 1881 193 1942 mus,
210 1880 277 1924 non
296 1879 366 1924 esse
384 1859 419 1923 id
435 1859 469 1924 in
488 1859 592 1924 nobis.
623 1857 685 1934 Qui
704 1863 814 1924 autem
828 1881 867 1924 cx
881 1881 918 1925 eo
933 1861 1006 1946 cogi
1019 1865 1127 1946 putat,

69 1966 97 2006 ao
111 1969 152 2012 nc
184 1951 221 2012 ut
253 1947 423 2012 sedeamus
456 1947 586 2032 quidem
618 1951 676 2012 aut
708 1948 911 2013 ambulemus
943 1950 1128 2014 voluntatis

111 2057 198 2120 esse,
227 2035 255 2100 is
278 2057 345 2101 non
366 2035 468 2118 videt,
494 2057 576 2120 quae
600 2057 761 2119 quamque
784 2057 854 2101 rem
876 2057 928 2101 res
951 2059 1126 2123 consequa-

110 2128 174 2189 tur.
209 2122 257 2188 Ut
285 2124 372 2189 enim
395 2127 428 2188 et
450 2124 612 2209 ingeniosi
636 2127 669 2188 et
692 2123 778 2189 tardi
800 2125 849 2189 ita
871 2130 1047 2191 nascantur
1070 2149 1125 2191 an·

111 2211 333 2278 tecedeutibus
357 2211 463 2277 cauas
485 2213 630 2296 itemque
652 2213 799 2278 valentes
823 2217 856 2278 et
878 2213 1036 2298 inbecilli,
1057 2235 1124 2279 non

112 2301 259 2385 sequitur
285 2304 409 2384 tamen,
435 2303 473 2364 ut
503 2300 603 2365 etiam
631 2301 741 2365 sedere
765 2323 830 2366 eos
844 2304 877 2366 et
900 2302 1067 2366 ambulare
1091 2307 1124 2366 et

68 2405 97 2448 ss
111 2410 181 2453 rem
209 2409 306 2474 agere
329 2388 473 2472 aliquam
495 2387 731 2473 principalibus
761 2389 867 2454 causis
895 2389 1062 2455 definitum
1091 2394 1124 2454 et

111 2476 326 2542 constitutum
350 2477 402 2541 sit.
445 2474 637 2561 Stilponem,
659 2476 860 2563 Megaricum
881 2477 1180 2562 philosophante

112 2568 243 2630 acutum
274 2587 351 2631 sane
378 2564 543 2629 bominem
572 2568 605 2628 et
632 2566 808 2650 probatum
832 2566 1033 2651 temporibus
1056 2565 1124 2630 illis

111 2653 304 2738 accepimns.
340 2652 436 2718 Hunc
459 2653 606 2718 scribunt
631 2653 734 2738 ipsius
757 2651 936 2718 familiares
965 2658 998 2718 et
1022 2654 1125 2719 ebrio·

111 2763 185 2807 sum
212 2744 246 2806 et
269 2741 478 2807 mulierosum
500 2739 616 2824 fuisse,
643 2763 747 2827 neque
770 2742 851 2808 haec
874 2742 1020 2806 scribunt
1042 2743 1127 2807 ritu·

69 2832 278 2914 soporantes,
302 2830 358 2894 sed
379 2829 490 2915 potius
514 2829 555 2894 ad
578 2829 721 2913 laudem3
747 2829 901 2895 vitiosam
924 2830 1009 2895 enim
1032 2834 1126 2896 natu-

110 2940 183 2983 ram
206 2918 248 2983 ab
272 2940 310 2983 eo
335 2917 381 2982 sic
404 2917 580 2982 edomitam
600 2920 632 2982 et
652 2939 859 3003 conpressam
878 2939 949 2983 esse
968 2918 1127 3004 doctrina,

109 3009 148 3070 nt
170 3027 266 3070 nemo
290 3029 444 3090 umquam
468 3006 671 3070 vinulentum
693 3006 797 3090 illum,
819 3028 914 3092 nemo
936 3006 972 3072 in
995 3028 1033 3072 eo
1052 3007 1126 3072 libi·

5 3147 7 3158 .
110 3094 196 3159 dinis
215 3094 392 3180 vestigium
405 3093 533 3158 viderit.
565 3091 670 3168 Quid?
694 3091 851 3160 Socraten
863 3116 970 3160 nonne
985 3095 1127 3181 legimus

111 3204 209 3267 quem
233 3183 273 3247 ad
296 3182 429 3247 modum
451 3181 576 3246 notarit
599 3181 744 3266 Zopyrus
767 3182 1043 3270 physiognomon,
1070 3185 1126 3268 qui

69 3287 96 3328 ss
112 3292 147 3336 se
166 3271 382 3355 profitebatur
399 3269 568 3334 bominum
586 3291 693 3334 mores
711 3275 909 3357 naturasque
928 3293 1127 3357 excerpere,

112 3359 225 3441 oculis,
247 3359 351 3443 vultu,
374 3358 482 3423 fronte
502 3359 716 3442 pernoscere?
739 3360 906 3444 stupidum
925 3381 994 3424 esse
1013 3357 1125 3425 Socra-

111 3449 169 3512 ten
193 3445 274 3512 dixit
298 3451 331 3512 et
353 3447 505 3530 bardum,
533 3447 619 3530 quod
641 3446 755 3531 iugula
777 3470 918 3514 concava
939 3469 1006 3514 non
1028 3449 1126 3514 habe-
