2596 3882
347 119 416 175 tua.
434 121 456 176 1.
477 121 552 177 111.
571 127 686 176 11-11.
706 126 721 187 1
740 126 853 176 ar-ro.
1042 121 1107 186 303

92 286 225 348 norum,
252 265 428 350 eademque
457 265 561 332 oritur
584 264 684 330 etiam
707 286 746 330 ex
768 265 827 330 illo
851 286 948 350 saepo
971 263 1107 350 optima-

93 354 178 418 tium
189 352 353 440 praeclaro
371 357 469 438 statu,
492 375 565 418 oum
584 354 673 437 ipsos
692 353 855 438 principes
874 353 985 437 aliqua
1002 353 1109 438 pravi·

93 446 146 506 tas
170 442 209 507 dc
231 442 286 507 via
308 442 446 506 deflexit.
487 439 541 506 Sic
563 445 731 526 tamquam
752 441 855 527 pilam
873 441 1005 526 rapiunt
1022 441 1109 506 inter

94 553 129 595 se
152 530 200 596 rei
222 530 372 614 publicae
396 533 522 594 statum
544 529 676 614 tyranni
699 530 740 595 ab
764 530 906 616 regibus,
929 530 971 594 ab
994 528 1036 594 iis
1055 551 1109 594 au-

66 623 163 684 ctam
184 619 348 703 principes
371 622 429 684 aut
451 618 579 704 populi,
606 641 626 683 a
649 618 765 703 quibus
790 622 847 683 aut
868 617 1027 683 factiones
1052 619 1109 682 aut

94 711 239 791 tyranm,
266 728 325 772 nec
348 706 470 772 diutius
493 728 649 791 umquam
671 710 802 772 tenetur
824 707 911 771 idem
933 706 981 772 rei
1003 706 1109 791 publi·

94 818 151 861 cae
173 795 298 860 modus.

162 882 255 959 Quod
272 883 322 948 ita
339 906 414 949 cum
435 883 487 968 sit,
506 904 543 949 aa
560 883 666 948 tribus
685 883 800 968 primis
820 883 993 968 generibus
1011 883 1109 969 longe
1128 925 1163 976 39

93 975 242 1057 praestat
269 994 342 1036 mea
366 972 528 1057 sententia
551 973 691 1056 regium,
716 971 721 1055 Ι
745 971 836 1058 regio
861 975 971 1036 autem
996 974 1037 1052 [p.
1057 987 1109 1035 134

57 1082 82 1122 ro
94 1060 365 1146 ipsi'praestabit
387 1060 430 1144 id,
453 1060 539 1145 quod
563 1061 626 1124 erit
645 1064 819 1144 aequatum
839 1063 1109 1144 attemperatum

95 1149 255 1214 extribus
270 1149 403 1233 optimis
418 1148 746 1232 rerumpublicarum
760 1148 874 1212 modis.
896 1146 1009 1213 Placet
1024 1147 1109 1212 enim

96 1259 167 1302 1111
190 1237 344 1322 quiddam
366 1237 401 1300 in
423 1258 459 1301 re
481 1236 613 1322 publica
634 1241 807 1321 praestans
830 1239 864 1300 et
886 1236 1011 1322 regale,
1038 1257 1110 1301 1111

96 1326 185 1391 aliud
219 1324 408 1391 auctoritati
439 1325 624 1411 principum
651 1325 844 1408 inpartitum
874 1347 912 1389 ao
939 1325 1110 1409 tributum,

97 1435 169 1479 esse
196 1413 354 1499 quasdam
381 1435 433 1479 res
462 1417 608 1478 servatas
636 1413 755 1478 iudicio
778 1413 1005 1497 voluntatique
1029 1413 1110 1477 mul-

55 1523 81 1564 rs
95 1502 253 1567 titudinis,
299 1501 389 1567 Haeo
418 1501 609 1567 constitutio
635 1501 777 1586 primum
805 1501 906 1566 habet
933 1501 1110 1585 aequabili·

95 1594 199 1656 tatem
224 1591 386 1674 quandam
409 1611 573 1676 magnam,
597 1612 660 1673 qua
684 1612 792 1655 carere
816 1589 937 1653 diutius
960 1591 1014 1654 vix
1037 1611 1111 1674 pos·

97 1683 172 1744 sunt
199 1679 316 1763 libari,
346 1678 459 1744 deinde
481 1678 727 1762 firmitudinem,
752 1678 837 1761 quod
861 1681 894 1742 et
915 1677 974 1743 illa
998 1680 1038 1759 [p.
1060 1695 1110 1744 163

95 1768 203 1853 prima
220 1767 316 1832 facile
334 1767 369 1832 in
387 1767 551 1832 contraria
569 1766 650 1830 vitia
671 1769 912 1851 convertuntur,
935 1769 973 1832 ut
990 1767 1111 1831 existat

96 1879 137 1922 ex
149 1877 226 1943 rege
241 1855 399 1940 dominus,
414 1877 453 1920 ex
468 1855 683 1940 optimatibus
696 1853 807 1938 factio,
823 1875 861 1918 ex
874 1855 997 1940 populo
1012 1855 1111 1920 turba

55 1967 81 2005 ro
96 1948 130 2011 ct
153 1944 308 2028 confusio,
332 1944 481 2029 quodque
499 1943 572 2028 ipsa
592 1964 712 2028 genera
730 1942 903 2028 generibus
923 1964 1019 2028 saepe
1038 1965 1111 2008 oon-

96 2036 266 2098 mutantur
292 2032 400 2116 novis,
426 2033 546 2098 hocin
569 2032 631 2096 hac
653 2031 765 2096 iuncta
787 2031 1017 2116 moderateque
1040 2053 1111 2117 per·

96 2121 200 2187 mixta
223 2120 480 2186 conformatione
503 2121 551 2185 rei
573 2120 724 2205 publicae
746 2141 814 2184 non
835 2119 937 2184 ferme
957 2120 1027 2184 sine
1046 2143 1111 2185 ma·

97 2210 172 2297 gnis
203 2209 386 2294 principum
417 2209 508 2274 vitiis
540 2209 658 2274 evenit.
707 2206 784 2273 Non
815 2212 866 2272 est
897 2208 984 2272 enim
1013 2229 1111 2273 causa

96 2297 331 2381 conversionis,
358 2297 415 2362 ubi
442 2297 477 2360 in
505 2317 563 2363 suo
587 2296 594 2380 Ι
618 2297 755 2381 quisque
785 2299 836 2360 est
866 2296 969 2382 gradu
998 2297 1038 2376 [p.
1059 2312 1111 2361 164

56 2404 82 2445 25
96 2385 236 2451 firmiter
261 2386 441 2451 collocatus
472 2388 506 2450 et
528 2407 595 2450 nou
617 2385 744 2468 subest,
771 2405 835 2468 quo
858 2384 1051 2469 praecipitet
1073 2405 1112 2449 ao
1217 2400 1219 2402 ·

97 2475 232 2540 decidat.

164 2560 226 2628 Sed
254 2583 381 2646 vereor,
410 2560 503 2627 Laeli
529 2583 652 2646 vosque
679 2561 828 2627 homines
856 2559 1045 2626 amicissimi
1073 2523 1164 2650 ac472

96 2651 351 2738 prudentissimi,
368 2671 419 2734 ne,
438 2650 467 2714 si
485 2649 607 2714 diutius
624 2651 659 2714 in
671 2649 735 2716 hoo
750 2669 868 2736 genere
882 2670 1001 2732 verser,
1016 2649 1111 2733 quasi

96 2739 328 2825 praecipientia
358 2739 527 2804 cuiusdam
554 2741 588 2803 et
616 2737 761 2803 docentis
790 2741 823 2802 et
848 2759 916 2802 non
942 2737 1112 2802 vobiscum

55 2847 83 2888 aa
97 2829 196 2894 simul
218 2826 454 2894 considerantis
477 2847 548 2892 1111
574 2825 724 2892 videatur
751 2825 857 2892 oratio
879 2845 961 2890 mea.
1006 2823 1111 2900 Quam

98 2917 141 2983 ob
173 2938 242 2982 rem
271 2915 438 3002 ingrediar
469 2915 505 2980 in
536 2937 587 2998 ea,
619 2936 702 2999 quac
733 2917 814 2980 nota
845 2915 922 2978 sunt
952 2914 1111 2998 omnibus,

98 3004 249 3090 quaesita
274 3007 386 3068 autem
413 3025 434 3068 a
459 3003 555 3069 nobis
582 3003 649 3067 iam
672 3002 736 3067 diu.
781 2999 833 3066 Sic
856 3001 942 3068 enim
966 3002 1111 3086 (11111110,

10 3169 11 3180 ἶ
98 3093 145 3159 111
166 3091 171 3176 Ι
192 3092 307 3175 sentio,
330 3092 377 3158 sio
401 3090 546 3176 adfirmo,
568 3091 694 3156 nullam
713 3090 857 3156 omnium
874 3112 984 3155 rerum
1002 3092 1043 3172 [p.
1060 3107 1110 3156 177

10 3191 12 3258 t
97 3181 304 3267 publicarum
317 3183 385 3244 'aut
406 3179 637 3244 constitutione
661 3181 718 3244 aut
741 3178 950 3263 discriptione
972 3183 1031 3244 aut
1049 3179 1112 3243 dis-

10 3259 12 3362 1
56 3287 83 3328 ³5
98 3269 221 3355 ciplina
243 3267 471 3334 conferendam
494 3289 564 3332 esse
588 3290 661 3333 cunr
684 3289 732 3352 ea,
755 3289 852 3351 quam
875 3271 986 3351 patres
1005 3267 1112 3332 nostri

10 3365 11 3398 ³
96 3358 194 3424 nobis
230 3360 398 3442 acceptam
433 3355 500 3420 iam
531 3354 606 3421 inda
637 3378 658 3421 a
689 3355 867 3420 maioribus
900 3356 1110 3440 reliquerunt.

99 3444 218 3528 Quam,
249 3445 279 3510 11
309 3445 430 3531 placet,
463 3443 617 3528 quoniam
650 3465 700 3529 ea,
733 3465 815 3528 quae
846 3444 1008 3510 tenebatis
1037 3443 1111 3530 ipsi,
