2578 3874
341 177 410 232 121ss.
429 177 450 232 1.
474 177 550 232 oAP.
569 184 595 244 a,
613 183 639 233 4.
662 182 677 243 1
696 183 793 232 1-11.
1008 179 1075 242 385

62 323 203 388 multum
231 344 251 386 a
278 319 549 407 philosophorum
577 320 714 386 lenitate
742 321 843 405 absit,
871 321 957 405 quod
979 322 1076 388 susti·

61 432 139 476 nere
167 432 266 493 quom
293 410 347 475 vel
375 431 503 474 summa
525 413 674 475 senectus
696 431 793 494 posse
816 408 978 494 videatur,
1004 409 1075 475 nul·

62 501 130 564 lam
147 498 211 562 tibi
230 521 249 562 a
268 497 374 562 causis
392 498 596 562 vacationem
614 497 807 562 videodari.
841 461 1127 578 unanimes-12

63 588 136 652 culs
163 607 226 673 ego
253 585 439 650 arbitrabar
466 607 563 670 posse
589 585 624 650 id
650 585 773 670 populo
795 589 909 650 nostro
932 587 1075 671 probari,
1162 621 1165 627 ·

35 676 93 742 111
120 678 154 739 11
182 673 260 739 ad
249 695 301 738 1111
328 672 587 759 respondendum
610 674 762 739 dedisses.
804 673 908 750 Quam
931 675 1075 759 obrem,

63 785 162 847 quom
180 762 335 847 placebit,
353 762 581 862 experiendum
599 763 662 826 tibi
680 783 803 827 censeo.
833 763 882 828 M.
901 760 1075 847 Siquidem,

63 851 197 935 Quinte,
227 811 355 915 nnlluin
387 851 515 916 esset'
505 872 540 916 1n
570 850 766 934 experiundo
793 850 995 936 periculum3.
1019 851 1076 916 sed

62 961 190 1023 vereor,
212 960 267 1022 ne,
291 939 370 1003 dum
388 939 534 1004 minuere
556 939 656 1003 velim
678 938 839 1022 laborem,
866 960 1005 1025 augeam
1028 943 1076 1004 atr

64 1050 126 1113 que
154 1027 196 1092 ad
222 1027 315 1092 illam
343 1048 514 1092 causarum
537 1047 684 1112 operam,
714 1027 877 1111 adquam
900 1048 1075 1113 egonum·

22 1135 49 1174 ro
64 1138 161 1201 quam
192 1115 256 1180 nisi
288 1119 422 1200 paratus
450 1119 485 1179 et
511 1115 688 1180 meditatus
716 1115 847 1199 accedo,
879 1115 1094 1201 adiungatur¹

62 1205 143 1270 baec
169 1203 250 1268 iuris
272 1203 516 1288 interpretatio,
544 1225 626 1288 quae
648 1225 715 1268 non
737 1206 808 1267 tarn
831 1203 913 1268 mihi
935 1205 1075 1269 molesta

62 1294 107 1357 sit
129 1295 264 1377 propter
287 1292 443 1375 laborem,
466 1313 564 1376 quam
588 1291 674 1376 qnod
698 1290 823 1356 dicendi
841 1292 1075 1378 cogitationem

62 1380 204 1463 auferat3
222 1381 292 1444 sine
311 1402 376 1464 qua
394 1379 436 1444 ad
453 1381 579 1445 nullam
598 1379 756 1444 maiorem
773 1401 929 1464 umquam
943 1401 1075 1446 causam

62 1491 136 1534 sum
163 1489 260 1533 ansus
288 1468 447 1533 accedere.
490 1469 567 1535 Am.
590 1467 676 1543 Quin
702 1468 805 1554 igitur
830 1468 897 1533 ista
922 1468 996 1553 ipsa
1024 1491 1075 1534 ex·
1095 1483 1127 1531 la

21 1575 48 1614 1⁵
61 1557 172 1642 plicas
188 1556 285 1622 nobis
308 1555 360 1621 bis
384 1556 565 1640 subsicivis,
587 1560 626 1619 nt
648 1556 706 1640 ais,
728 1557 931 1640 temporibus
950 1559 984 1622 et
1002 1579 1075 1623 con·

62 1645 179 1711 scribis
207 1644 282 1709 de
272 1666 342 1710 rurs
369 1644 458 1710 cirili
486 1645 562 1710 subt
548 1644 639 1709 tilius
666 1665 764 1728 quam
787 1645 909 1710 ceteri?
944 1643 1076 1711 Nema

61 1734 169 1836 primo
174 1735 340 1885 tempore
364 1733 515 1798 aetatis
505 1732 569 1797 ruri
592 1731 759 1797 studeret
744 1735 777 1796 te
801 1732 949 1818 memini,
977 1755 1076 1818 quom

60 1823 133 1906 ipse
156 1821 256 1911 etiam
279 1821 321 1886 ad
343 1800 534 1886 Scaevolam
556 1821 765 1904 ventitarem,
792 1842 897 1905 neque
919 1843 1076 1906 umquam

61 1909 144 1975 mibi
166 1908 257 1974 visus
275 1909 341 1974 esi
328 1913 376 1973 a
394 1913 428 1974 te
447 1909 489 1974 ad
508 1909 677 1975 dicendum
697 1872 832 1994 dedisse,
854 1909 920 1974 ut
909 1931 961 1975 rus
980 1910 1092 1976 civilex

21 2016 47 2055 ²⁰
61 2001 296 2065 contemneres.

128 2087 177 2152 M.
199 2085 240 2150 In
262 2086 317 2150 lon
342 2108 398 2150 um
421 2106 604 2151 sermonem
626 2106 679 2150 me
701 2106 808 2170 vocas,
831 2085 956 2171 Attiee‘3
979 2106 1076 2171 quem

60 2179 187 2257 tamen,
222 2173 287 2239 nisi
319 2107 458 2249 5111111111
491 2173 580 2239 aliud
611 2173 689 2258 quid
719 2195 780 2240 nos
812 2195 909 2261 agere
941 2176 1075 2260 mavult,

62 2261 239 2347 suscipiam
266 2265 313 2346 et,
341 2262 495 2346 quoniam
521 2262 617 2328 vacui
639 2283 765 2347 sumus,
792 2262 906 2328 dicam.
943 2263 979 2344 Q.
1001 2262 1075 2348 Ego

60 2372 141 2416 vero
168 2350 309 2416 libenter
337 2349 509 2433 audierim3
542 2349 619 2434 quid
646 2350 732 2414 enim
759 2371 857 2436 agam
884 2350 994 2435 potius
1018 2354 1076 2416 aut

19 2458 46 2497 2⁵
60 2441 97 2504 in
119 2460 184 2523 quo
207 2438 323 2503 melius
346 2439 433 2503 hunc
455 2459 644 2503 consumam
663 2437 770 2504 diem?
801 2439 850 2504 M.
869 2437 955 2514 Quin
972 2438 1075 2524 igitur
1094 2451 1128 2501 14

62 2527 105 2613 ad
132 2527 192 2591 illa
218 2526 326 2611 spatia
347 2530 462 2591 nostra
485 2527 639 2610 sedesque
661 2526 851 2612 pergimus?
878 2527 949 2611 ubi,
977 2548 1076 2611 quom

39 2614 146 2681 ¹satis
174 2614 246 2680 erit
282 2614 499 2698 ambulatum,
539 2615 792 2699 requiescemus,
832 2635 891 2680 nec
926 2614 1075 2700 profecto

60 2702 158 2769 nobis
193 2702 367 2769 delectatio
405 2703 508 2768 deerit
545 2703 634 2768 aliud
665 2723 705 2768 ex
736 2703 802 2768 alio
835 2703 1075 2786 quaerentibus.

60 2791 139 2858 Arr.
166 2790 237 2857 Nos
263 2813 357 2876 vero,
384 2794 418 2856 et
444 2791 506 2857 hac
534 2792 664 2876 quidem
692 2790 734 2855 ad
755 2791 879 2876 Lirem,
906 2791 935 2855 si
957 2791 1076 2877 placet,

17 2898 46 2938 ao
59 2901 122 2966 per
157 2879 264 2964 ripam
300 2883 334 2944 et
364 2879 524 2944 umbram.
574 2877 637 2944 Sed
667 2879 734 2944 iam
768 2879 875 2954 ordire
906 2879 1076 2965 explicare,

61 2989 198 3052 quaeso,
222 2967 260 3034 de
282 2967 353 3032 iure
376 2967 465 3032 civili
487 2967 564 3052 quid
587 2967 718 3033 sentias.
754 2971 802 3032 M.
825 2967 962 3053 Egone?
990 2989 1076 3032 sum·

59 3077 134 3122 mos
157 3055 260 3122 fuisse
282 3055 318 3120 in
336 3055 469 3121 civitate
486 3060 600 3121 nostra
617 3055 716 3140 viros,
740 3055 796 3139 qui
813 3055 847 3120 id
864 3055 1076 3140 interpretari

59 3144 184 3229 populo
208 3148 242 3209 et
264 3144 485 3228 responsitare
508 3144 598 3208 soliti
616 3143 692 3229 sint,
715 3141 772 3208 sed
791 3165 845 3210 eos
864 3165 986 3229 magna
1002 3166 1076 3229 pro·

59 3232 166 3298 fessos
198 3231 233 3298 in
260 3231 372 3333 parvis
399 3253 470 3296 esse
497 3235 607 3297 versat
609 3253 653 3297 os.
700 3230 784 3307 Quid
813 3232 899 3296 enim
927 3236 978 3297 est
1005 3235 1076 3298 tan·

15 3338 43 3378 11
59 3325 143 3404 tum,
166 3319 353 3404 quantum
343 3341 393 3386 rus
412 3319 526 3385 civitat
527 3319 578 3386 is?
601 3320 679 3404 quid
697 3324 754 3386 aut
756 3342 807 3384 em
824 3324 893 3386 tam
913 3321 1076 3407 exiguum,

60 3431 161 3493 quam
185 3411 236 3473 est
259 3429 375 3472 munus
398 3407 462 3473 hoc
484 3430 605 3508 eorum,
628 3408 684 3494 qui
706 3409 941 3474 consuluntur?
965 3431 1075 3512 quam·

59 3519 162 3584 quam
189 3499 240 3561 est
265 3497 387 3581 populo
409 3496 636 3562 necessarium.
677 3495 747 3562 Nec
769 3519 847 3563 vero
870 3519 940 3583 eos,
967 3496 1076 3582 quisi

114 3607 259 3652 0101an
826 3606 860 3655 211
