2590 3880
341 185 409 244 LIB.
428 187 449 243 I.
470 186 546 244 OAP.
568 195 680 242 11-13.
699 193 716 255 ᾗ
734 191 849 243 28-34.
1061 191 1103 254 15

90 331 227 397 deorum
244 331 377 396 notione
401 331 713 417 comprehendimus.
748 330 840 398 Idem
862 336 896 398 εὴ
916 333 952 398 in
969 331 1103 400 Timaeo

90 420 171 486 dicit
198 423 233 485 et
253 419 289 484 in
311 419 452 504 Legibus
476 423 510 486 et
531 420 687 485 mundum
710 420 805 486 deum
828 441 898 486 esse
921 423 954 487 et
978 423 1103 487 caelum

91 511 125 573 et
150 511 243 573 astra
270 511 303 573 et
328 511 450 573 terram
478 511 512 573 et
534 508 661 574 animos
685 512 718 573 εὴ
741 529 810 594 eos,
837 530 919 593 quos
942 509 1103 575 maiorum

89 597 255 661 institutis
283 596 483 681 accepimus3
509 618 593 681 quae
620 600 654 661 et
679 618 739 682 per
764 619 800 662 se
827 600 905 663 sunt
924 597 1011 663 falsa
1033 619 1103 684 per-

65 684 202 769 aspicue
233 687 268 748 et
298 684 384 749 inter
416 705 451 749 se
481 685 689 750 vehementer
720 687 945 771 repugnantia:
994 686 1103 771 Atque
1122 703 1155 752 31

90 773 194 839 etiam
213 771 397 857 Xenophon
422 773 631 857 paucioribus
658 774 768 840 verbis
796 775 909 840 eadem
934 773 1003 840 fere
1029 796 1103 861 pcc·
1184 841 1187 847 ,

90 865 156 946 cat3
184 861 265 926 facit
292 861 381 926 enim
407 859 520 946 iniis,
548 883 631 946 quae
655 885 675 926 a
698 860 832 928 Socrate
856 862 943 928 diota
964 863 1104 948 rettulit,
1131 903 1137 912 ·

91 948 259 1016 Socratem
289 949 512 1035 disputantem
536 949 680 1015 formam
706 951 758 1015 dei
786 951 899 1037 quaeri
920 972 989 1017 non
1011 973 1104 1036 opor·

89 1043 171 1122 tere,
193 1036 393 1122 eundemque
416 1040 450 1102 et
471 1037 574 1103 solem
597 1042 630 1102 et
653 1039 798 1103 animum
818 1039 915 1104 deum
933 1039 1047 1123 dicere,
1070 1043 1104 1105 et

53 1146 77 1185 10
90 1126 189 1192 modo
206 1147 317 1210 unum,
339 1129 410 1190 tum
429 1129 539 1191 autem
557 1126 667 1211 plures
686 1126 777 1211 deos3
801 1148 884 1211 quae
905 1131 983 1192 sunt
1000 1128 1104 1193 isdem

89 1216 123 1279 in
152 1214 270 1279 erratis
292 1213 374 1298 fere,
404 1214 522 1298 quibus
546 1236 596 1298 ea,
626 1236 710 1300 quae
733 1215 772 1279 de
794 1214 931 1280 Platone
954 1215 1103 1281 diximus,

90 1303 201 1387 Atque
229 1302 330 1368 etiam
356 1301 569 1367 Antisthenes
601 1302 637 1368 in
669 1324 707 1368 eo
734 1303 833 1387 libro,
866 1303 922 1388 qui
948 1304 1103 1390 physicus
1115 1278 1156 1404 ἒξ

89 1391 295 1474 inscribitur,
325 1390 494 1475 popularis
522 1391 600 1456 deos
626 1391 763 1475 multos,
789 1393 976 1457 naturalem
1003 1414 1104 1458 unum

91 1501 163 1544 esse
186 1479 296 1544 dicens
318 1479 409 1545 tollit
425 1479 493 1544 rim
512 1483 545 1544 et
562 1483 715 1544 naturam
733 1480 875 1545 deorum.
910 1479 981 1546 Nec
998 1482 1103 1547 multo

53 1584 78 1625 1⁵
91 1588 185 1633 secus
209 1565 409 1652 Speusippus
431 1565 605 1633 Platonem
628 1568 824 1633 avrmculum
847 1569 1047 1655 subsequens
1070 1573 1105 1634 et

90 1656 159 1721 vim
190 1656 353 1740 quandam
380 1655 503 1740 dicens,
536 1677 600 1742 qua
627 1656 738 1721 omnia
764 1661 935 1742 regantur,
968 1678 1104 1742 eamque

91 1744 277 1828 animalem,
299 1744 436 1809 evellere
455 1761 494 1808 ex
512 1744 629 1808 animis
644 1747 781 1810 conatur
796 1745 1017 1831 cognitionem
1032 1745 1104 1810 deo·
1183 1800 1186 1806 .

90 1855 174 1898 rum.
196 1831 457 1917 Aristotelesque
470 1832 507 1896 in
516 1832 615 1898 tertio
629 1831 668 1898 de
682 1832 893 1919 philosophia
903 1833 988 1898 libro
997 1834 1104 1899 multa
1122 1849 1156 1899 33

90 1921 206 1988 turbat
229 1943 250 1985 a
272 1921 431 2005 magistro
455 1941 513 1986 suo
535 1919 673 1986 Platone
694 1941 758 1986 nou
776 1921 984 2006 dissentiens3
1006 1922 1103 1988 modo

52 2028 79 2068 ao
91 2010 179 2075 enim
196 2009 302 2074 menti
318 2008 435 2074 tribuit
453 2029 582 2074 omnem
595 2009 810 2095 divinitatem,
832 2010 929 2076 modo
948 2011 1104 2076 mundum

89 2099 200 2183 ipsum
230 2096 326 2161 deum
353 2097 432 2162 dicit
458 2119 542 2181 esse,
574 2098 670 2163 modo
699 2098 800 2163 alium
826 2098 988 2183 quendam
1014 2120 1105 2183 prae-

89 2187 159 2252 ficit
186 2185 307 2251 mundo
334 2186 429 2270 eique
456 2207 511 2250 eas
538 2185 643 2270 partis
670 2185 801 2271 tribuit,
832 2189 871 2251 ut
891 2187 1104 2272 replicatione

89 2273 234 2360 quadam
255 2273 366 2338 mundi
389 2276 514 2358 motum
536 2278 632 2359 regat
653 2277 751 2358 atque
769 2277 908 2360 tueatur,
930 2278 1003 2340 tum
1021 2276 1104 2341 caeli

90 2363 243 2428 ardorem
260 2362 356 2428 deum
370 2361 453 2427 dicit
471 2383 542 2428 esse
559 2383 627 2427 non
642 2361 836 2448 intellegens
852 2364 978 2428 eaelum
992 2363 1104 2428 mundi

52 2469 77 2510 aa
91 2473 163 2516 esse
195 2453 339 2535 partem,
370 2471 467 2534 quem
498 2450 564 2516 alio
596 2450 668 2517 loco
695 2450 766 2535 ipse
793 2451 973 2536 designarit
999 2452 1103 2516 deum.

91 2538 163 2615 Quo
192 2538 289 2604 modo
316 2541 426 2603 autem
454 2538 536 2604 caeli
563 2537 690 2603 divinus
716 2539 774 2605 ille
802 2561 915 2604 sensus
937 2539 972 2603 in
995 2539 1104 2604 celeri-

90 2631 161 2693 tate
189 2629 285 2691 tanta
312 2626 497 2692 conservari
525 2627 657 2711 potest?
688 2626 746 2692 ubi
773 2627 886 2692 deinde
914 2626 965 2691 illi
987 2630 1040 2692 tot
1062 2626 1104 2711 di,

91 2716 119 2781 si
145 2735 357 2780 numeramus
386 2714 486 2779 etiam
513 2715 638 2780 eaelum
661 2714 778 2780 deum?
805 2736 878 2780 cum
901 2717 1010 2779 autem
1033 2714 1104 2779 sine

90 2811 228 2890 corporo
255 2802 341 2866 idem
367 2803 440 2867 vult
463 2823 533 2867 esse
556 2803 665 2886 deum,
691 2803 782 2868 omni
802 2803 898 2868 illum
921 2823 1018 2868 sensu
1040 2802 1105 2888 pri·

55 2895 162 2975 uvat,
191 2891 292 2956 etiam
318 2889 499 2976 prudentia.
545 2889 615 2966 Quo
638 2912 736 2977 porro
759 2890 855 2956 modo
879 2890 957 2955 deus
979 2891 1105 2957 moveri

91 2999 206 3046 carens
229 3000 363 3064 corpore
387 2982 444 3044 aut
467 3000 531 3063 quo
554 2979 650 3044 modo
674 2995 802 3064 semper
824 2999 859 3044 se
879 3000 1014 3044 movens
1033 3001 1104 3045 esse

91 3069 223 3153 quietus
242 3071 275 3132 et
293 3069 408 3133 beatus
425 3067 557 3152 potest?
593 3066 663 3133 Nec
680 3089 766 3133 vero.
777 3067 846 3133 eius
864 3067 1103 3152 condiscipulus
1122 3081 1157 3132 34

88 3156 292 3223 Xenocrates
314 3154 351 3220 in
372 3156 435 3221 hoc
457 3176 575 3241 genere
598 3155 802 3241 prudentior,
830 3155 919 3222 ouius
942 3155 978 3220 in
1000 3157 1104 3242 libris,

92 3245 148 3330 qui
176 3247 254 3310 sunt
281 3244 320 3309 de
346 3247 465 3309 natura
487 3243 633 3328 deorum,
660 3245 752 3309 nulla
775 3244 897 3331 species
921 3244 1031 3312 divino
1053 3245 1104 3310 de·

52 3333 261 3416 ascribitu13
284 3332 361 3398 deos
384 3333 471 3396 enim
494 3336 566 3398 octo
591 3353 662 3398 esse
685 3332 771 3418 dicit,
795 3333 936 3418 quinque
959 3355 1024 3418 eos,
1048 3333 1104 3417 qui

90 3422 125 3487 in
154 3420 262 3487 stellis
289 3421 383 3506 vagis
412 3421 635 3505 nominantur,
664 3443 779 3505 unum,
808 3422 863 3506 qui
890 3443 929 3486 ex
951 3421 1103 3487 omnibus

91 3509 268 3594 sideribus,
297 3530 380 3594 quae
406 3509 506 3574 infixa
533 3509 623 3574 caelo
651 3513 741 3593 sunt,
770 3531 809 3575 ex
832 3510 986 3597 dispersis
1011 3510 1103 3594 quasi
