2566 3876
225 192 292 257 386
620 191 669 246 DE
688 192 843 247 LEGIBUS

225 336 352 403 muneri
378 335 602 422 praefuerunt,
628 336 773 402 universi
794 335 874 401 iuris
896 335 998 401 fuisse
1021 336 1164 421 expertis
1186 357 1244 400 ex·

225 424 352 509 istimo,
375 425 432 490 sed
453 425 517 491 hoc
539 425 648 509 civile,
672 425 759 509 quod
780 427 912 508 vocant,
935 427 1070 490 eatenus
1094 446 1244 488 exercue-

225 518 312 597 runt,
335 513 442 598 quoad
463 513 586 599 populo
607 517 777 599 praestare
798 512 981 578 voluerunt.
1017 511 1057 577 Id
1076 516 1186 577 autem
1204 513 1244 576 in

226 602 411 688 cognitione
438 605 536 667 tenue
563 605 628 686 est,
654 602 689 666 in
715 623 778 667 usu
798 601 1026 666 necessarium.
1068 598 1175 675 Quam
1197 601 1244 665 ob

224 712 295 755 rem
318 712 382 776 quo
404 711 457 756 me
479 711 577 756 vocas
602 693 659 756 aut
678 689 756 774 quid
773 689 939 755 hortaris?
959 693 999 754 nt
1015 689 1149 754 libellos
1168 706 1272 754 con-s

225 778 333 844 ficiam
361 779 400 843 de
427 778 668 844 stillicidiorum
695 799 734 843 ac
762 777 800 842 de
827 777 989 862 parietum
1015 776 1111 842 iure?
1139 799 1183 841 an
1203 781 1245 840 ut

227 867 478 952 stipulationum
497 871 530 932 et
547 866 741 932 iudiciorum
758 865 917 931 formulas
931 866 1139 950 conponam?
1159 887 1243 949 quae

227 958 261 1021 et
278 956 463 1040 conscripta
484 977 504 1020 a
516 954 630 1020 multis
645 957 722 1018 sunt
735 953 910 1039 diligenter
923 956 958 1020 et
971 956 1051 1018 sunt
1063 953 1244 1018 humiliora

177 1014 208 1139 ¹}
227 1065 325 1129 quam
347 1044 416 1126 illa,
438 1064 522 1127 quae
545 1043 682 1109 anobis
705 1041 870 1128 expectari
891 1045 980 1127 puto.
1024 1043 1105 1108 Aru.
1128 1042 1242 1126 Atqui,

227 1133 256 1196 si
280 1132 422 1215 quaeris,
446 1152 507 1216 ego
532 1131 609 1215 quid
632 1135 807 1216 expectem,
829 1130 983 1215 quoniam
1007 1131 1169 1215 scriptum
1191 1135 1243 1195 est
1257 1147 1277 1188 u

229 1242 249 1286 a
277 1223 311 1285 te
341 1221 380 1284 de
408 1220 532 1305 optimo
560 1220 607 1284 rei
634 1219 785 1305 publicae
812 1221 915 1302 statu,
945 1240 1147 1304 consequens
1171 1240 1243 1284 esse

226 1308 367 1391 ridetur,
394 1312 432 1373 ut
462 1308 585 1372 scribas
612 1311 650 1372 tu
675 1307 762 1372 idern
785 1307 824 1372 de
847 1307 988 1394 legibus3
1015 1307 1063 1373 sic
1086 1307 1244 1372 enimse

227 1397 309 1462 cisse
336 1397 429 1462 video
455 1395 628 1462 Platonem
654 1396 749 1460 illum
774 1399 881 1478 tuum,
913 1417 1009 1480 quern
1035 1399 1075 1460 tn
1102 1395 1243 1461 admira-

226 1486 289 1569 ris,
318 1507 414 1569 quem
443 1485 592 1550 omnibus
621 1485 806 1570 anteponis,
835 1505 931 1568 quem
954 1484 1094 1549 maxime
1120 1484 1243 1570 diligis.

227 1575 275 1639 M.
297 1573 399 1639 Visne
429 1573 545 1658 igitur,
576 1576 614 1638 ut
640 1572 697 1638 ille
724 1570 841 1638 Cretae
869 1594 942 1638 cum
969 1571 1078 1638 Clinia
1105 1576 1142 1638 et
1168 1595 1243 1640 cum
1256 1585 1277 1630 1¹

227 1661 482 1727 Lacedaemonio
503 1660 638 1748 Megillo
667 1661 806 1744 aestivo,
833 1681 930 1745 quem
956 1661 998 1726 ad
1024 1661 1162 1726 modum
1191 1661 1243 1726 da

228 1750 355 1834 scribit,
378 1750 428 1814 die
451 1749 487 1815 in
509 1749 704 1835 cupressetis
728 1747 925 1824 Gnosiorum
947 1752 981 1814 et
1003 1749 1122 1834 spatiis
1147 1750 1243 1815 silve
1276 1789 1277 1792 =

228 1838 350 1902 stribns
391 1838 505 1903 erebro
544 1838 713 1922 insistens,
752 1835 915 1902 interdurn
952 1837 1165 1921 adquiescens
1205 1838 1242 1902 de
1276 1855 1277 1920 q

226 1926 388 1992 institutis
421 1948 531 1990 rerum
564 1926 769 2011 publicarum
801 1947 839 1990 ao
871 1926 910 1990 de
942 1925 1077 2010 optimis
1108 1926 1242 2012 legibus

227 2015 387 2099 disputat,
414 2014 462 2080 sic
487 2035 548 2079 nos
574 2014 661 2080 inter
688 2014 748 2078 has
772 2013 1016 2099 procerissimae
1039 2015 1184 2100 populos
1209 2015 1242 2080 in
1255 2029 1276 2070 n

226 2103 323 2168 viridi
341 2124 506 2188 opacaque
524 2101 597 2187 ripa
614 2103 864 2185 inambulantes,
882 2105 954 2166 tum
971 2105 1082 2167 autem
1098 2103 1241 2168 residen-

226 2195 277 2256 tes
301 2213 494 2276 quaeramus
516 2191 619 2255 isdem
642 2191 801 2256 derebus
824 2190 948 2275 aliquid
969 2189 1116 2275 uberius,
1141 2213 1241 2276 quam
1275 2241 1276 2264 ,

177 2293 208 2341 16
226 2278 365 2345 forensis
392 2300 471 2344 usus
500 2279 683 2345 desiderat?
724 2280 801 2346 Arr.
827 2278 901 2365 Ego
928 2300 1006 2344 vero
1033 2279 1101 2344 ista
1127 2279 1242 2345 audire

226 2369 331 2453 cupio.
366 2369 415 2433 M.
438 2366 522 2444 Quid
550 2367 597 2433 ait
620 2367 781 2443 Quintus?
819 2367 854 2446 Q.
876 2366 979 2432 Nulla
1001 2367 1041 2432 de
1063 2388 1100 2433 re
1121 2369 1242 2454 magis.

225 2458 275 2522 Μ.
296 2457 341 2521 Et
363 2459 450 2522 recte
474 2456 612 2540 quidem.
648 2455 735 2522 Nam
758 2455 805 2521 sie
827 2455 991 2539 habetote,
1012 2455 1106 2520 nullo
1128 2456 1167 2521 in
1187 2465 1275 2542 geu

226 2567 302 2609 nere
325 2544 520 2629 disputando
541 2544 718 2627 †honesta
735 2543 892 2628 patefieri,
915 2544 993 2629 quid
1010 2544 1055 2608 sit
1072 2544 1243 2610 hominia
1274 2583 1275 2619 ,

226 2637 345 2698 natura
362 2632 532 2717 tributum,
551 2635 708 2717 quantam
725 2631 793 2698 vim
808 2653 917 2697 rerum
931 2632 1132 2718 optimarum
1146 2655 1242 2698 mens

225 2722 370 2786 humana
392 2721 566 2804 contineat,
589 2721 680 2786 cuius
702 2720 844 2786 muneris
868 2720 994 2786 colendi
1012 2719 1242 2806 efficiendique

226 2831 324 2875 causa
342 2809 412 2874 nati
430 2811 463 2874 et
480 2809 516 2874 in
533 2810 640 2874 lucem
658 2809 737 2874 editi
755 2809 865 2894 simus,
889 2830 971 2893 quae
989 2809 1033 2873 sit
1052 2810 1241 2875 coniunctio

226 2898 403 2981 hominum,
422 2919 504 2982 quae
521 2898 683 2963 naturalis
703 2897 841 2963 societas
859 2897 946 2962 inter
959 2897 1064 2982 ips0s3
1082 2897 1137 2963 his
1151 2891 1274 2969 enimd

176 3000 205 3048 17
227 2986 397 3070 explicatis
426 2985 502 3051 fons
527 2986 638 3071 legum
665 2988 698 3050 et
725 2985 805 3050 iuris
832 2985 971 3050 inveniri
996 2989 1118 3070 potest
1161 2989 1239 3053 Ara

225 3072 301 3139 Non
324 3095 402 3161 ergo
426 3096 447 3139 a
467 3074 629 3159 praetoris
653 3075 767 3158 edicto,
789 3077 828 3139 ut
849 3074 996 3158 plerique
1014 3097 1110 3158 nunc,
1133 3097 1238 3160 neque
1272 3143 1273 3150 χ

226 3186 246 3226 a
268 3162 436 3228 duodecim
457 3163 593 3247 tabulis,
615 3166 653 3228 ut
676 3163 872 3247 superiores,
895 3162 952 3226 sed
975 3161 1105 3247 penitus
1130 3185 1172 3228 ex
1192 3164 1239 3228 in·
1272 3211 1273 3214 ,

225 3249 307 3314 tima
331 3251 541 3336 philosophia
563 3251 774 3316 hauriendam
797 3251 876 3315 iuris
901 3250 1107 3336 disciplinam
1131 3256 1238 3338 putas.
1272 3247 1273 3317 l

226 3339 272 3402 M.
295 3337 371 3403 Non
398 3339 483 3404 enim
510 3338 544 3404 id
572 3339 755 3424 quaerimus
782 3340 845 3404 hoo
873 3361 1034 3423 sermone,
1065 3339 1272 3425 Pomponis!

227 3449 321 3511 quem
349 3426 390 3491 ad
418 3428 549 3492 modum
572 3449 742 3492 caveamus
765 3427 891 3494 iniure
915 3431 973 3492 aut
996 3427 1139 3512 quidde
1163 3450 1239 3514 qna·
1271 3493 1272 3518 ,

225 3536 287 3598 que
309 3515 547 3580 consultatione
570 3516 831 3602 respondeamus.
869 3513 919 3581 Sit
941 3515 1007 3580 ista
1029 3536 1081 3582 res
1105 3538 1238 3604 magna,
