2630 3890
362 163 483 221 L1B.11.
507 164 583 221 our.
603 169 716 219 ac-ae.
740 169 887 230 §su-co.
1064 163 1128 227 217

121 309 204 376 Cum
229 309 333 395 igitur
355 308 418 373 hoc
441 308 562 373 animal
585 313 654 373 tam
678 307 722 371 sit
745 328 899 371 canorum
922 327 982 372 sua
1005 311 1131 392 sponte,

122 398 200 483 quid
227 397 262 462 in
288 400 430 461 mentem
457 396 547 460 venit
574 395 769 462 Callistheni
797 395 901 460 dicere
929 395 1005 461 deos
1033 397 1130 482 gallis

73 537 75 543 .
122 488 254 572 signum
276 485 402 550 dedisse
424 484 586 567 cantandi,
608 507 681 550 cum
703 483 737 547 id
760 483 813 548 vel
829 486 949 548 natura
966 484 1019 549 vel
1037 506 1130 549 casus

123 575 250 640 efficere
272 573 455 660 potuisset?
1141 619 1183 684 27

35 717 38 723 .
94 681 109 722 a
190 659 353 748 Sanguine
380 661 503 747 pluisse
530 659 657 725 senatui
679 659 865 726 nuntiatum
889 664 952 744 cst,
975 659 1131 726 Atratum
1151 697 1185 747 50

123 753 223 816 etiam
243 750 378 815 fluvium
395 749 526 814 fluxisse
545 747 712 834 sanguine,
732 748 865 813 deorum
884 748 1016 814 sudasse
1036 749 1132 814 simu-

123 841 221 906 lacra.
265 837 353 903 Num
376 859 486 903 censes
509 836 561 900 his
584 837 707 901 nuntiis
730 835 856 901 Thalen
880 840 937 901 aut
959 836 1132 924 Anaxago·

122 951 183 992 ran
210 930 266 992 aut
294 948 488 1011 quemquam
510 923 681 1010 physicum
704 925 900 1012 crediturum
923 925 1046 990 fuisse?
1074 948 1131 991 nec

124 1016 210 1081 enim
232 1015 367 1100 sanguis
389 1037 448 1080 nec
466 1014 565 1078 sudor
581 1013 645 1077 uisi
663 1034 681 1077 e
699 1035 843 1098 corpore.
874 1010 937 1078 Sed
955 1017 989 1078 ct
1009 1014 1132 1079 decolo-

83 1123 111 1162 ιο
124 1104 210 1170 ratio
240 1103 398 1188 quaedam
421 1103 592 1186 exaliqua
615 1101 808 1186 contagione
831 1104 961 1166 terrena
983 1125 1132 1168 maxume

124 1195 236 1278 potest
258 1190 410 1278 sanguini
433 1190 549 1255 similis
573 1211 653 1274 esse,
676 1193 709 1254 et
731 1211 825 1254 umor
844 1189 996 1274 adlapsus
1015 1191 1133 1256 extrin-

124 1301 226 1364 secus,
247 1283 285 1345 ut
307 1279 342 1344 in
363 1279 510 1344 tectoriis
528 1277 674 1343 videmus
693 1281 814 1360 austro,
838 1278 987 1343 sudorem
1005 1278 1134 1344 videtur

123 1367 256 1434 imitari.
297 1367 407 1452 Atque
433 1367 514 1432 haec
536 1366 571 1430 in
592 1366 681 1431 bello
704 1366 801 1450 plura
823 1370 857 1430 et
879 1367 1005 1432 maiora
1026 1367 1134 1432 viden·

124 1462 179 1522 tur
208 1456 414 1538 timentibus,
443 1455 555 1520 eadem
583 1476 651 1519 non
677 1457 746 1519 tam
776 1454 1078 1520 animadvertuntur
1098 1457 1134 1520 in

83 1563 110 1604 ιε»
124 1567 218 1632 pace3
244 1544 367 1610 accedit
393 1543 476 1608 illud
503 1543 617 1626 etiam,
644 1542 731 1626 quod
757 1542 791 1605 in
818 1546 907 1607 metu
934 1547 968 1608 et
989 1544 1133 1629 periculo

125 1657 199 1700 cum
222 1633 395 1698 creduntur
416 1631 559 1715 facilius,
582 1635 653 1695 turn
675 1631 844 1716 finguntur
866 1631 1027 1717 inpunius.
1063 1631 1132 1698 Nos
1152 1644 1188 1692 oe

126 1726 235 1788 autem
258 1721 306 1786 ita
328 1721 416 1786 leves
439 1724 536 1804 atque
559 1718 790 1784 inconsiderati
808 1741 928 1804 sumus,
951 1724 996 1804 ut,
1020 1721 1048 1786 si
1066 1744 1133 1785 mu·

125 1833 177 1876 res
205 1809 401 1875 corroserint
429 1807 565 1892 aliquid,
593 1829 729 1892 quorum
758 1810 810 1871 est
836 1829 917 1892 opus
939 1808 1002 1874 hoc
1024 1831 1133 1891 unum,

126 1901 309 1965 monstrum
326 1897 500 1983 putemus?
527 1895 614 1960 Anto
632 1917 708 1961 vero
722 1894 897 1960 Marsicum
910 1897 1033 1961 bellum
1048 1899 1135 1982 quod

82 2005 111 2044 20
125 1988 248 2072 clipeos
269 1984 421 2068 Lanuvii,
443 1989 481 2049 ut
503 2007 523 2049 a
545 1988 578 2049 te
601 1982 723 2049 dictum
746 1987 809 2068 est,
835 2006 944 2049 mures
966 1986 1134 2069 rosissent,
1156 2000 1158 2004 ·

125 2097 313 2140 maxumum
325 2074 359 2137 id
372 2076 561 2159 portentum
573 2072 761 2157 haruspices
776 2093 846 2137 esse
861 2072 1022 2158 dixerunt,
1042 2076 1135 2159 quasi

125 2185 203 2229 vero
231 2162 403 2246 quicquam
431 2161 575 2244 intersit,
607 2183 714 2225 mures
742 2160 827 2250 diem
853 2165 982 2226 noctem
1011 2163 1135 2247 aliquid

125 2251 277 2318 rodentes
300 2253 392 2315 scuta
416 2272 457 2314 an
479 2249 587 2315 cribra
609 2248 817 2314 corroserint!
851 2247 937 2314 Nam
958 2250 987 2316 si
1004 2250 1070 2315 ista
1087 2272 1135 2315 se·

38 2413 42 2420 ¹
127 2339 265 2425 quimur,
288 2339 375 2423 quod
392 2337 540 2403 Platonis
558 2337 703 2402 Politian
724 2359 828 2422 nuper
851 2337 936 2422 apud
957 2360 1009 2403 me
1026 2361 1135 2404 mures

84 2430 342 2510 2⁵corr0scr1mt,
367 2426 405 2491 de
428 2425 618 2512 republica
641 2425 737 2490 debui
759 2425 995 2511 pertimescere,
1018 2430 1084 2510 aut,
1106 2427 1136 2490 si

125 2515 260 2601 Epicuri
282 2515 321 2580 de
344 2515 514 2600 voluptate
536 2514 620 2579 liber
640 2534 735 2578 rosus
753 2516 848 2597 essct,
870 2517 1020 2598 putarem
1038 2536 1135 2579 anno-

126 2627 203 2669 nam
225 2604 261 2668 iu
283 2603 420 2669 macello
443 2602 601 2668 cariorem
622 2601 701 2667 fore.

193 2691 247 2756 An
269 2713 346 2757 vero
368 2691 428 2756 illa
448 2713 507 2756 nos
526 2694 660 2774 terrent,
683 2688 858 2774 siquando
878 2688 988 2773 aliqua
1005 2657 1188 2784 porten-{g

127 2785 202 2846 tosa
233 2783 290 2846 aut
321 2801 360 2844 ex
391 2779 511 2865 pecude
544 2781 601 2842 aut
633 2800 672 2843 ex
698 2778 829 2843 homine
855 2781 935 2841 nata
962 2776 1134 2842 dicuntur?

85 2885 113 2925 ³⁰
129 2890 267 2954 quorum
290 2867 442 2952 omnium,
463 2889 505 2932 ue
524 2867 586 2931 sim
605 2865 744 2952 longior,
766 2888 831 2930 una
848 2865 933 2930 ratio
953 2869 1011 2930 est.
1044 2863 1136 2940 Quie-

128 2956 205 3043 quid
228 2957 314 3022 enim
336 2956 454 3040 oritur,
477 2955 708 3040 qualecumque
731 2957 794 3037 est,
818 2975 950 3018 causam
972 2953 1093 3018 habeat
1116 2976 1136 3018 a

126 3048 245 3111 natura
266 3065 397 3110 necesse
420 3047 479 3128 est,
502 3047 547 3126 ut,
570 3042 700 3108 etiamsi
721 3046 851 3127 praeter
871 3041 1136 3107 cousuetudinem

6 3141 9 3155 '
128 3133 286 3218 extiterit,
313 3136 442 3217 praeter
466 3135 618 3197 naturam
641 3134 752 3196 tamen
772 3151 839 3195 non
861 3130 967 3215 possit
989 3129 1136 3196 existere.

128 3221 268 3288 Causam
294 3219 397 3306 igitur
425 3219 624 3306 investigato
650 3219 686 3283 in
712 3241 747 3283 re
771 3240 856 3283 nova
879 3222 977 3303 atque
999 3218 1136 3284 admira-

87 3309 202 3394 abili,
230 3309 259 3374 si
285 3307 422 3394 poteris3
454 3308 482 3372 si
507 3309 634 3372 nullam
660 3306 815 3392 reperies,
841 3306 923 3370 illud
947 3311 1058 3372 tamen
1085 3329 1136 3371 ex·

127 3399 294 3485 ploratum
316 3396 446 3480 habeto,
467 3396 550 3460 nihil
573 3396 644 3460 fieri
666 3394 811 3481 potuisse
834 3395 903 3460 sine
921 3417 1027 3479 causa,
1050 3417 1136 3460 eum·

128 3508 191 3572 que
213 3490 382 3569 terrorem,
405 3506 500 3569 quem
522 3484 586 3548 tibi
605 3483 653 3548 rei
671 3484 800 3550 novitas
819 3484 976 3562 attulerit,
998 3488 1134 3548 naturae
