2610 3894
183 143 247 208 150
531 142 579 198 DE
598 140 842 197 DIVINATIONE

227 286 346 372 Saepe
360 287 476 352 etiam
490 287 680 372 pertriste
694 287 799 352 canit
813 287 856 352 de
870 292 1027 372 pectore
1038 310 1192 353 carmen

225 374 274 440 Et
297 375 501 440 matutinis
525 375 709 440 acredula
730 375 892 440 vocibus
915 375 1053 460 instat,

225 462 395 529 Vocibus
432 463 557 528 instat
595 465 632 527 et
664 463 847 528 adsiduas
878 463 974 529 iacit
1006 485 1071 529 ore
1104 486 1193 549 que-

226 638 316 706 Cum
344 633 508 724 primum
535 638 687 725 gelidos
714 660 822 704 rores
850 553 1192 706 aurorraeibfibibtit.

225 727 424 812 Fuscaque
453 748 529 792 non
555 748 761 812 numquam
788 749 948 792 cursans
975 751 1043 814 per
1068 729 1193 831 litora
1220 753 1234 793 5

225 902 422 968 Demersit
445 905 561 988 caput
584 905 621 967 et
643 901 808 968 fluctum
831 838 1164 991 cervicdorrencldpit.

130 993 165 1121 t

181 1026 338 1092 Videmus
371 1026 452 1091 haec
483 1025 578 1110 signa
608 1048 787 1111 numquam
817 1027 885 1092 fere
913 1029 1107 1094 mentientia
1132 1053 1194 1097 nec

180 1120 301 1197 tamen,
324 1136 381 1181 cur
402 1115 451 1179 Ita
472 1113 541 1198 fiat,
563 1112 718 1180 videmus.

225 1220 303 1287 Vos
332 1240 481 1305 quoque
505 1219 617 1304 signa
639 1219 796 1303 videtis,
826 1221 941 1306 aquai
964 1223 1088 1289 dulcis
1113 1225 1194 1290 alu·

187 1320 189 1324 ’
983 1334 1104 1397 mnae,

227 1397 319 1464 Oum
342 1397 511 1462 clamore
533 1396 685 1481 paratis
708 1396 837 1462 inanis
859 1397 1021 1464 fundere
1044 1421 1156 1466 voces
1210 1425 1235 1464 ro

227 1485 484 1569 Absurdoque
507 1505 601 1549 sono
623 1483 746 1549 fontis
771 1489 809 1549 et
832 1489 972 1572 stagna
994 1486 1117 1553 cietis.

183 1609 262 1687 Quis
287 1612 349 1692 est,
373 1607 429 1692 qui
451 1607 647 1672 ranunculos
668 1607 732 1673 hoc
754 1608 862 1673 videre
885 1609 1044 1695 suspicari
1066 1613 1195 1697 possit?

184 1699 241 1764 sed
267 1698 352 1763 inest
374 1697 410 1760 in
432 1695 619 1761 ranunculis
642 1695 692 1761 vis
716 1699 749 1760 et
770 1700 890 1761 natura
913 1698 1073 1782 quaedam
1095 1700 1195 1786 signi-

182 1788 284 1853 ficans
309 1784 432 1869 aliquid
458 1805 516 1870 per
545 1805 579 1848 se
605 1783 678 1869 ipsa
701 1784 782 1848 satis
805 1788 908 1869 certa,
937 1787 1117 1872 cognitioni
1140 1812 1196 1855 au·

182 1880 252 1941 tem
274 1874 443 1939 hominum
466 1872 642 1937 obscurior.
1211 1899 1237 1939 15

227 1977 537 2063 Mollipedesque
555 1979 673 2043 boves
692 1981 916 2064 spectantes
935 1980 1081 2047 lumina
1095 1985 1196 2049 caeli

228 2067 399 2133 Naribus
421 2064 626 2131 umiferum
649 2067 788 2131 duxere
812 2088 855 2130 ex
879 2073 965 2133 a'e're
989 2090 1127 2136 sucum.

184 2191 262 2259 Non
284 2210 414 2275 quaero,
436 2211 502 2273 cur,
525 2189 687 2274 quoniam,
710 2189 789 2274 quid
810 2191 948 2275 eveniat,
970 2192 1136 2280 intellego.

229 2297 309 2362 Iam
331 2317 422 2360 vcro
446 2315 596 2379 semper
617 2295 756 2359 viridis
780 2317 1006 2382 semperque
1030 2302 1196 2384 gravata

229 2384 435 2450 Lentiscus
458 2382 610 2466 triplici
633 2383 754 2448 solita
777 2385 1035 2469 grandescere
1056 2385 1140 2451 fetu
1210 2408 1238 2448 ro

229 2473 302 2539 Ter
332 2471 465 2556 fruges
495 2469 661 2536 fundens
693 2471 772 2536 tria
798 2475 1197 2628 temporaarrpppistrat

133 2682 166 2732 re
184 2667 235 2734 Ne
263 2668 325 2733 boc
353 2665 482 2750 quidem
511 2685 645 2750 quaero,
673 2687 730 2730 cur
756 2665 836 2732 haec
860 2666 957 2733 arbor
979 2689 1045 2732 una
1067 2671 1118 2732 ter
1139 2668 1197 2734 flo-

185 2760 257 2822 reat
281 2757 337 2821 aut
360 2776 416 2820 cur
439 2752 553 2818 arandi
575 2753 800 2818 maturitatem
823 2754 864 2819 ad
887 2755 1017 2842 signum
1035 2755 1126 2821 floris
1145 2779 1197 2822 ac·
1292 2817 1297 2824 .

186 2843 382 2927 commodet3
400 2842 463 2907 hoc
476 2863 548 2906 sum
563 2844 744 2925 contentus,
763 2842 859 2927 quod,
879 2843 1017 2928 etiamsi,
1035 2865 1092 2909 cur
1107 2845 1197 2929 quid·

186 2955 248 3018 que
271 2932 339 3016 fiat,
361 2931 519 3016 ignorem,
544 2929 620 3014 quid
643 2929 710 3015 fiat,
733 2930 899 3016 intellego.
939 2931 1005 2998 Pro
1029 2933 1117 2997 omni
1135 2932 1196 3018 igi-
1211 2950 1237 2992 re

185 3025 239 3085 tur
266 3018 464 3084 divinatione
486 3018 585 3102 idern,
614 3018 699 3102 quod
721 3039 781 3103 pro
805 3019 901 3084 rebus
924 3020 978 3104 iis,
1007 3040 1088 3105 quas
1111 3043 1198 3086 com·

136 3109 176 3175 10
187 3106 378 3191 memoravi,
409 3106 621 3191 respondebo.
666 3104 750 3181 Quid
782 3127 1006 3174 scammoneae
1033 3109 1125 3174 radix
1155 3108 1197 3174 ad

186 3195 405 3281 purgandum,
434 3194 512 3278 quid
539 3193 749 3260 aristolochia
777 3195 818 3259 ad
844 3217 972 3262 morsus
996 3197 1196 3282 serpentium

130 3347 131 3350 ,
186 3283 300 3369 possit,
324 3303 406 3367 quae
427 3304 546 3348 nomen
570 3304 608 3347 ex
630 3283 799 3347 inventore
821 3285 975 3370 repperit,
998 3307 1068 3351 rem
1089 3285 1197 3372 ipsam

186 3373 337 3436 inventor
360 3392 400 3434 ex
423 3371 557 3455 somnio,
580 3370 683 3455 video,
707 3370 793 3455 quod
816 3372 896 3436 satis
921 3376 983 3458 est;
1007 3395 1064 3438 cur
1081 3375 1197 3458 possit,
1211 3391 1238 3431 ³⁰

186 3459 304 3525 nescio.
349 3455 402 3522 Sic
429 3461 600 3525 ventorum
628 3462 662 3524 et
688 3458 842 3524 imbrium
871 3460 979 3546 signa,
1012 3483 1094 3544 quae
1122 3461 1198 3548 diri,
