2566 3876
159 159 227 247 444
524 133 528 138 ’
554 157 603 212 nn
621 157 775 214 anemos

161 323 201 368 ee
221 302 396 368 infundunt
416 302 452 368 in
473 302 649 386 civitatem,
671 324 775 387 neque
797 299 904 368 solum
927 302 1055 385 obsunt,
1079 300 1167 386 quod

160 390 225 477 ipsi
248 393 505 476 corrumpuntur,
527 391 584 456 sed
606 391 706 456 eliam
729 390 814 476 quod
836 392 1055 476 corrumpunt,
1078 389 1167 475 plus·

162 500 224 564 que
250 480 397 564 exemplo
425 500 523 563 quam
549 481 681 565 peccato
708 483 833 544 nocent.
878 478 987 564 Atque
1009 478 1090 543 haec
1111 477 1166 542 lex

163 567 301 632 dilatata
326 567 362 632 in
387 567 532 633 ordinem
558 571 708 633 cunctum
735 567 944 653 coangustari
970 567 1071 632 etiam
1094 569 1166 651 pot

163 659 228 739 ost,
245 655 340 740 pauci
358 655 444 721 enim
462 660 560 741 utque
578 654 750 720 admodum
767 655 863 740 pauci
875 655 997 720 honore
1011 657 1045 720 et
1059 654 1193 741 glorias

165 743 355 828 amplificati
380 744 433 808 vel
459 765 663 829 corrumpere
690 764 796 809 mores
823 743 966 808 civitatis
993 742 1046 808 vel
1069 742 1166 808 corri-

163 853 239 920 gere
260 835 407 917 possunt.
442 829 505 896 Sed
526 831 607 897 haec
628 837 661 897 et
680 853 766 897 nunc
784 832 864 896 satis
883 834 917 896 et
934 831 1053 896 inillis
1072 830 1165 895 libris

112 924 306 1038 15tractata
327 923 404 985 sunt
425 919 623 1006 diligentius.
659 918 765 995 Quare
787 919 828 984 ad
845 919 971 1004 reliqua
987 919 1166 985 veniamus.

110 1053 144 1102 33
228 1007 415 1074 Proximum
434 1013 543 1072 autem
561 1013 611 1073 est
630 1009 669 1073 de
687 1008 860 1094 suffragiis,
878 1029 959 1092 quae
975 1007 1072 1073 iubeo
1085 1011 1166 1072 nota

163 1118 233 1162 esse
261 1096 488 1182 optimatibus,
516 1098 638 1182 populo
660 1096 773 1162 libera.
809 1097 885 1162 Arr.
907 1095 961 1160 Ita
982 1095 1165 1161 mehercule
1179 1112 1204 1152 ιο

162 1184 287 1251 attendi
303 1205 363 1250 nec
381 1184 461 1248 satis
479 1185 634 1269 intellexi,
653 1185 730 1268 quid
747 1184 811 1249 sibi
828 1185 882 1250 lex
899 1189 956 1249 aut
975 1183 1052 1269 quid
1064 1184 1167 1249 verba

161 1275 228 1338 ista
249 1272 380 1338 vellent.
419 1272 467 1338 M.
489 1272 613 1357 Dicam,
636 1272 718 1357 lite,
741 1277 774 1338 et
795 1272 950 1338 versabor
970 1273 1006 1336 in
1027 1295 1063 1338 re
1084 1271 1166 1336 diffi-

163 1362 218 1427 cili
244 1382 283 1426 ac
304 1361 445 1426 multum
468 1364 501 1426 et
524 1383 619 1446 saepe
643 1361 803 1446 quaesita,
830 1360 986 1448 suffragia
1006 1360 1042 1425 in
1064 1359 1167 1446 magi-

162 1452 269 1515 stratu
296 1449 478 1516 mandando
502 1471 540 1515 ao
562 1450 601 1514 de
622 1471 678 1514 reo
701 1449 870 1516 iudicando
893 1451 1109 1533 scisomdoque
1131 1449 1168 1512 in

163 1539 236 1625 lege
258 1541 316 1604 aut
336 1539 507 1625 rogatione
529 1538 613 1604 clam
636 1560 679 1603 an
700 1539 810 1623 palam
831 1537 911 1603 ferri
933 1538 1048 1603 melius
1070 1540 1206 1602 esset1⁵

165 1627 200 1708 Q.
221 1627 275 1692 An
303 1626 401 1692 etiam
427 1626 462 1691 id
484 1627 617 1692 dubium
639 1626 712 1692 est?
737 1647 864 1710 vereor,
890 1647 931 1691 ne
955 1647 975 1690 a
996 1629 1030 1691 te
1052 1646 1166 1689 rursus

164 1715 363 1781 dissentiam.
393 1715 443 1780 Μ.
464 1713 541 1780 Non
562 1714 670 1798 facies,
693 1713 818 1790 Quinte.
854 1712 941 1779 Nam
964 1734 1025 1800 ego
1047 1713 1083 1778 in
1100 1713 1167 1778 ista

164 1824 236 1868 sum
268 1803 441 1886 sententia,
474 1806 597 1887 quate
627 1802 728 1867 fuisse
755 1823 882 1887 semper
910 1802 989 1886 scio,
1018 1801 1101 1866 nihil
1129 1804 1167 1866 ut

163 1890 262 1955 fuerit
292 1891 327 1956 in
354 1891 516 1976 suffragiis
543 1912 621 1956 voce
650 1891 780 1974 melius,
811 1890 868 1955 sed
895 1890 1037 1955 obtineri
1062 1910 1102 1955 ne
1131 1911 1167 1954 ea

110 1994 146 2043 84
163 2000 226 2044 noo
243 1979 379 2064 possint,
401 1978 573 2044 videndum
591 1983 649 2043 est.
687 1979 721 2060 Q.
739 1977 851 2063 Atqui,
872 1976 984 2062 frater,
1002 1978 1091 2043 bona
1108 1982 1166 2042 tua
1180 1995 1206 2034 2⁰

164 2066 258 2131 venia
285 2065 435 2149 dixerim,
460 2067 526 2131 ista
552 2068 713 2132 sententia
740 2067 878 2132 maxime
901 2070 935 2131 et
955 2066 1043 2131 fallit
1065 2065 1166 2151 impe

163 2154 246 2220 ritos
273 2159 307 2220 et
333 2155 427 2220 obest
454 2155 640 2240 saepissime
663 2154 893 2240 reipublicae,
921 2176 1019 2238 quom
1042 2154 1166 2239 aliquid

163 2266 275 2310 verum
298 2247 331 2308 et
353 2247 477 2309 rectum
500 2264 570 2308 esse
592 2244 718 2327 dicitur,
741 2243 797 2308 sed
820 2243 968 2327 obtineri,
990 2243 1092 2308 idest
1111 2244 1166 2308 ob·

165 2331 237 2397 sisti
259 2353 355 2418 posse
377 2332 507 2417 populo,
529 2335 676 2417 negatur.
712 2331 857 2397 Primum
879 2331 966 2397 enim
985 2331 1166 2415 obsistitur,

164 2419 727 2594 lt⁰lutllul²rultlld
750 2420 1050 2584 bullitur
1065 2441 1166 2574 tlt
1179 2435 1204 2476 ²⁵

164 2619 292 2663 omnem
324 2598 552 2662 auctoritatem
583 2597 790 2682 optimatium
821 2596 1029 2662 tabellariam
1058 2597 1165 2683 legem

164 2685 361 2751 abstulisse?
385 2707 483 2770 quam
504 2686 643 2771 populus
665 2685 749 2750 liber
766 2707 944 2770 numquam
962 2684 1165 2767 desideravit,

163 2775 249 2840 idem
277 2795 450 2860 oppressus
478 2773 645 2838 dominatu
672 2796 709 2839 ac
735 2773 883 2859 potentia
906 2772 1088 2859 principum
1110 2773 1165 2838 fia·

165 2863 291 2948 gitavit.
335 2861 451 2947 Itaque
478 2862 630 2948 graviora
651 2862 768 2927 iudicia
790 2862 829 2927 dc
851 2861 1086 2946 potentissimis
1110 2861 1204 2926 ho-sv

164 2951 304 3016 minibus
333 2953 445 3015 extant
471 2951 559 3016 vocis
587 2973 683 3035 quam
709 2950 859 3017 tabellae.
903 2948 1165 3026 Quamobrem

164 3039 363 3126 suffragandi
384 3039 485 3103 nimia
508 3038 608 3104 libido
628 3039 664 3104 in
680 3061 746 3104 non
763 3038 857 3108 bonis
877 3039 981 3104 causis
1001 3037 1165 3123 eripienda

163 3126 226 3193 fuit
248 3127 446 3214 potentibus,
467 3149 533 3192 non
555 3128 681 3192 latebra
700 3126 805 3193 danda
822 3129 953 3213 populo,
975 3126 1010 3191 in
1028 3148 1092 3211 qua
1110 3126 1164 3191 bo·

163 3216 214 3280 nis
237 3215 477 3302 ignorantibus,
500 3215 577 3301 quid
600 3216 735 3301 quisque
757 3215 904 3298 sentiret,
925 3215 1050 3280 tabella
1071 3214 1165 3280 vitio

165 3326 235 3369 sum
263 3306 440 3369 occultaret
467 3304 666 3391 suffragium.
705 3303 820 3390 Itaque
847 3304 904 3369 isti
926 3303 1091 3391 rogationi
1112 3316 1201 3367 neu

164 3414 226 3477 que
248 3391 335 3458 lator
357 3392 527 3494 quisquam
551 3396 602 3456 est
622 3393 772 3458 inventus
794 3413 853 3458 nec
876 3396 989 3495 auctpr
1011 3413 1165 3476 umquam

113 3469 277 3597 gbssbonus.
314 3478 396 3545 Sunt
418 3502 503 3546 emm
526 3484 681 3566 quattuor
698 3482 787 3567 leges
804 3481 1005 3564 tabellariae,
1028 3501 1166 3565 quarum
