2610 3894
186 197 250 262 140
495 196 544 252 DE
563 196 718 252 NATURA
735 195 891 252 DEORUM

184 344 294 410 venire
321 345 408 409 certe
435 342 545 428 potuit
572 345 606 406 et
632 361 824 407 conservare
851 341 942 406 urbis
965 343 1076 407 tantas
1100 343 1200 424 atque
1296 329 1297 400 ἶ

129 433 276 516 39ta11s3
307 453 367 498 vos
400 431 487 496 enim
518 430 584 516 ipsi
611 429 716 495 dicere
743 429 856 495 soletis
883 429 967 494 nihil
995 451 1079 514 esse,
1112 429 1200 513 quod
1296 411 1297 492 l

157 521 263 585 'deus
304 519 431 585 efficere
471 539 539 584 non
578 518 701 603 possit,
742 521 776 583 et
813 518 943 603 quidem
979 517 1049 583 sine
1084 517 1199 582 labore

183 609 267 692 ullo;
298 611 337 674 ut
369 608 455 672 enim
486 606 657 672 hominum
688 607 837 672 membra
866 607 959 671 nulla
991 605 1199 672 contentione

24 747 27 752 -
104 761 106 765 Α
184 699 294 762 mente
315 696 389 781 ipsa
412 718 451 761 ac
471 696 643 761 voluntate
665 699 872 780 moveantur,
901 695 949 760 sic
969 695 1102 759 numine
1126 693 1200 758 deo·
1227 711 1241 754 ⁵
1296 779 1297 782 Ἴ

184 807 259 850 rum
282 784 392 850 omnia
413 784 505 868 fingi,
528 783 652 848 moueri
676 783 860 868 mutarique
882 799 987 868 posse.
1028 781 1142 867 Neque
1165 782 1201 846 id
1296 801 1297 820 ³

185 872 293 939 dicitis
321 872 548 959 superstitiose
576 875 674 956 atque
703 871 847 956 aniliter,
880 871 937 936 sed
963 871 1099 958 physica
1126 891 1200 937 oon·

186 960 351 1046 stantique
374 960 515 1045 ratione3
537 959 710 1025 materiam
729 960 815 1025 enim
832 982 950 1044 rerum,
973 981 1012 1025 ex
1031 981 1096 1043 qua
1113 962 1147 1024 et
1164 959 1201 1023 in

185 1071 250 1136 qua
273 1049 383 1114 omnia
406 1049 485 1133 sint,
508 1052 615 1114 totam
638 1069 709 1114 esse
731 1048 908 1114 flexibilem
931 1051 964 1113 et
987 1046 1200 1114 commutabi-

185 1139 260 1222 lem,
282 1141 321 1203 ut
340 1137 424 1202 nihil
444 1137 497 1222 sit,
519 1137 606 1222 quod
623 1158 690 1202 non
709 1158 804 1202 exea
823 1137 971 1222 quamvis
990 1136 1099 1202 subito
1117 1134 1200 1222 fingi
1215 1155 1241 1196 ιο
1296 1169 1297 1180 ¹

186 1226 395 1310 convertique
422 1225 541 1311 possit3
569 1225 638 1291 eius
661 1228 771 1290 autem
785 1225 963 1290 uniuersae
985 1225 1143 1290 fictricem
1166 1227 1201 1288 et
1296 1277 1297 1348 ,

186 1315 435 1380 moderatricem
458 1313 602 1379 diuinam
622 1335 693 1379 esse
711 1314 964 1400 prouidentiam,
986 1314 1071 1380 hanc
1087 1313 1201 1400 igitur,

187 1424 390 1487 quocumque
417 1405 618 1486 semoveat,
647 1401 774 1468 efficere
796 1424 906 1487 posse,
934 1401 1087 1487 quicquid
1108 1401 1201 1468 velit.

185 1491 302 1576 Itaque
330 1494 387 1556 aut
413 1491 530 1576 nescit,
559 1490 636 1574 quid
663 1490 782 1575 possit,
810 1494 868 1556 aut
894 1490 1042 1577 neglegit
1066 1511 1118 1556 res
1141 1490 1201 1554 hu·

186 1601 300 1645 manas
333 1583 402 1664 aut,
435 1579 513 1664 quid
540 1578 584 1643 sit
611 1579 785 1663 optimum,
817 1601 883 1644 non
909 1582 1021 1664 potest
1047 1579 1200 1644 iudicare.
1215 1597 1241 1638 15
1296 1615 1297 1622 κ

131 1681 166 1730 93
185 1667 262 1734 Non
280 1671 373 1733 curat
392 1667 539 1754 singulos
557 1667 714 1733 homines.
746 1667 823 1732 Non
836 1667 969 1751 mirum3
990 1687 1031 1733 ne
1049 1667 1200 1733 ciuitates
1296 1667 1297 1670 ’

186 1756 330 1840 quidem,
352 1777 419 1821 non
441 1757 532 1822 modo*
553 1775 618 1840 eas,
640 1777 681 1820 ne
705 1755 854 1821 nationes
874 1755 1004 1840 quidem
1023 1759 1060 1821 et·
1075 1759 1201 1842 gentes.

186 1843 309 1919 Quodsi
335 1843 396 1908 has
425 1844 525 1909 etiam
553 1847 751 1929 contemnet,
779 1844 857 1928 quid
883 1843 1002 1909 mirum
1030 1848 1081 1909 est
1104 1865 1200 1910 omne
1254 1864 1261 1876 ·

186 1933 227 1997 ab
256 1954 295 1997 ea
323 1953 425 2018 genus
452 1932 631 1997 humanum
659 1953 729 1997 esse
757 1933 1002 2018 contemptum?
1048 1929 1112 1998 Sed
1134 1953 1200 2017 quo
1296 2015 1297 2018 Ἴ

186 2019 282 2086 modo
314 2019 413 2084 iidem
444 2019 551 2086 dicitis
578 2040 645 2085 non
672 2020 782 2085 omnia
807 2021 884 2086 deos
907 2020 1071 2106 persequi,
1100 2020 1200 2086 iidem
1214 2042 1242 2082 so
1296 2049 1297 2096 l

185 2109 286 2174 voltis
314 2130 334 2174 a
362 2108 411 2173 dis
438 2108 668 2173 inmortalibus
691 2107 878 2192 hominibus
902 2109 1069 2195 dispertiri
1092 2131 1131 2175 ac
1153 2108 1199 2173 di·

185 2197 253 2262 uidi
276 2196 424 2262 somnia?
461 2195 586 2262 Idcirco
608 2196 689 2262 haec
712 2200 829 2281 tecum,
853 2197 929 2283 quia
952 2202 1063 2263 uestra
1086 2201 1137 2262 est
1160 2197 1199 2262 de

186 2284 387 2350 somniorum
406 2284 544 2350 ueritate
563 2284 733 2350 sententia.
765 2284 875 2369 Atque
892 2286 991 2350 iidem
1008 2286 1107 2351 etiam
1120 2289 1201 2352 vota

186 2373 308 2459 suscipi
331 2373 438 2439 dicitis
462 2376 621 2459 oportere.
661 2373 788 2459 Nempe
811 2375 933 2460 siriguli
955 2379 1085 2458 vovent,
1108 2375 1201 2440 audit

185 2461 288 2548 igitur
317 2483 408 2526 mens
440 2461 549 2528 divina
576 2461 676 2527 etiam
704 2463 743 2527 de
770 2461 919 2548 singulis.
963 2461 1092 2528 Videtis
1119 2483 1199 2549 ergo
1213 2484 1240 2525 ss
1296 2489 1297 2540 q

184 2573 252 2616 uon
275 2572 346 2616 esse
369 2570 442 2616 eam
464 2554 539 2615 tam·
557 2554 757 2636 occupatam,
780 2572 879 2637 quam
901 2551 1093 2637 putabatis?
1133 2550 1200 2618 Fac
1296 2549 1297 2616 l

186 2661 257 2704 esse
285 2639 477 2723 distentam,
508 2639 634 2706 caelum
660 2643 860 2725 versantem,
891 2644 1015 2706 terram
1042 2643 1200 2725 tuentem,
1296 2655 1297 2704 l

185 2728 290 2793 maria
311 2727 549 2812 moderantem,
577 2746 634 2794 our
653 2732 725 2793 tam
748 2729 871 2793 multos
895 2728 971 2794 deos
993 2729 1077 2794 nihil
1100 2749 1199 2816 agere

186 2820 219 2881 et
252 2837 378 2882 cessare
407 2816 555 2902 patiorr‘?
588 2837 645 2882 cur
672 2837 739 2882 non
766 2817 864 2882 rebus
891 2817 1042 2882 humanis
1071 2817 1199 2902 aliquos

185 2905 310 2971 otiosos
333 2905 411 2970 deos
433 2905 594 2990 praeficit,
618 2904 674 2988 qui
697 2927 717 2969 a
738 2908 785 2990 te,
807 2903 920 2990 Balbe,
942 2905 1198 2972 innumerabiles
1213 2926 1248 2984 sc,

185 2993 339 3078 explicati
358 2994 456 3059 sunt?
492 2991 583 3058 Haec
600 2992 669 3057 fere
688 2992 793 3058 dicere
811 2993 912 3058 habui
932 2993 970 3058 de
988 2998 1107 3060 natura
1125 2993 1199 3060 deo·

184 3103 266 3164 rum,
288 3101 355 3147 non
377 3085 414 3146 ut
433 3103 505 3146 eam
523 3081 692 3164 tollerem,
707 3081 763 3146 sed
780 3084 818 3146 ut
835 3081 1080 3168 intellegeretis,
1099 3105 1199 3167 quam
1296 3133 1297 3172 ,

129 3173 271 3290 40esset
294 3170 432 3235 obscura
455 3173 489 3234 et
512 3190 610 3254 quam
633 3169 774 3234 difficilis
799 3170 978 3255 explicatus
1001 3171 1146 3237 haberet

130 3304 165 3352 94
251 3255 341 3332 Quae
363 3280 437 3323 cum
461 3257 608 3341 dixisset,
636 3255 735 3324 Cotta
756 3257 863 3322 finem.
908 3258 1051 3325 Lucilius
1075 3263 1199 3326 autem:

183 3343 430 3430 Vehementius,
453 3345 569 3430 inquit,
592 3343 699 3429 Cotta,
722 3349 760 3412 tu
783 3346 913 3429 quidem
935 3347 1082 3414 inuectus
1106 3369 1140 3414 es
1163 3349 1199 3414 in
1212 3365 1238 3408 aa

183 3455 256 3500 eam
271 3432 454 3499 Stoicorum
476 3434 647 3519 rationem,
670 3455 753 3519 quae
776 3434 815 3499 de
837 3435 1043 3520 prouidentia
1065 3436 1200 3502 deorum

182 3523 225 3588 ab
248 3523 316 3588 illis
340 3522 554 3588 sanctissume
575 3525 609 3588 et
626 3522 921 3610 providentissume
940 3524 1120 3590 constituta
1138 3535 1199 3592 est.
1296 3583 1297 3622 ,
