2590 3880
388 133 455 191 ura.
474 135 522 192 111.
542 134 617 192 cer.
636 141 713 194 r-o.
732 140 748 201 a
766 141 878 190 re-rr.
1065 133 1130 201 439

127 280 242 367 pitudo
271 281 381 348 manet
403 278 615 348 diuturnitate
637 279 776 351 sublata.
821 275 884 349 Sed
905 278 986 364 iam,
1012 278 1041 350 ‚ri
1062 277 1131 363 pla·

128 373 194 453 cet,
226 369 265 434 de
295 367 471 452 provinciis
503 367 675 438 decedatur
704 367 740 433 in
765 367 942 451 urbemque
972 367 1130 432 redeatur.

128 459 206 530 Aur.
232 455 337 528 Nobis
369 477 445 522 vero
477 455 598 540 placet,
630 455 687 523 sed
716 455 771 539 iis,
802 455 859 540 qui
889 456 924 528 in
955 453 1130 541 provinciis

129 549 219 628 sunt,
244 543 376 616 minime
398 544 513 629 placet.
557 545 606 612 M.
628 546 675 608 At
696 565 787 627 uero,
813 542 899 626 Tite,
923 543 952 608 si
972 543 1132 628 parebunt
1151 555 1183 605 re

101 634 182 704 sun
209 633 350 719 legibus,
376 632 458 699 nihil
485 632 548 701 crit
573 632 614 700 iis
638 631 732 716 urbe,
758 631 841 700 nihil
864 631 960 702 domo
983 653 1043 702 rua
1064 631 1132 700 dul·

126 721 199 791 ciue
221 742 280 786 nec
302 719 497 792 laboriosius
520 721 752 804 molestiusque
773 719 948 806 provincia.

198 806 259 874 Sed
283 809 428 893 sequitur
449 808 510 892 lex,
533 830 615 894 quae
633 808 737 878 sancit
756 830 827 878 eam
845 808 1049 877 tribunorum
1066 807 1133 895 ple

9 919 10 922 ’
129 896 182 970 bis
205 901 411 982 potestatem,
433 918 516 980 quac
536 903 582 964 cot
603 897 637 964 in
660 919 694 961 re
714 896 845 981 publica
861 899 989 980 nostra;
1012 895 1050 960 de
1069 917 1133 982 quc

131 985 247 1058 disseri
272 985 356 1050 nihil
382 1006 512 1050 necesse
534 989 594 1054 est.
639 985 673 1066 Q.
696 983 743 1050 At
764 985 945 1054 mehercule
969 1003 1042 1070 ego,
1070 983 1132 1052 ira·

89 1091 117 1135 ro
131 1077 191 1155 ter,
215 1095 342 1157 quaero,
366 1073 404 1140 de
427 1073 492 1140 ista
509 1076 672 1158 potestate
691 1072 768 1157 quid
786 1073 916 1144 suntme
948 1072 1034 1144 Nam
1052 1071 1133 1140 mihi

133 1161 263 1246 quidam
285 1160 440 1262 pestifere
462 1161 597 1244 videtur,
620 1161 738 1246 quippe
759 1183 843 1244 quae
865 1161 901 1230 in
923 1160 1079 1227 seditione
1101 1163 1135 1230 et

130 1250 174 1318 ad
199 1249 392 1320 seditronem
418 1252 498 1320 nata
524 1249 581 1334 sit3
611 1249 701 1316 cuius
728 1249 870 1350 primum
897 1253 1006 1322 ortum
1033 1247 1062 1316 si
1088 1269 1135 1315 re

131 1337 256 1408 cordati
287 1337 450 1422 volumus,
479 1337 564 1404 inter
591 1359 683 1405 arma
707 1337 828 1410 curium
853 1341 889 1402 et
913 1359 991 1406 occu
1015 1337 1078 1403 atis
1102 1339 1135 1402 et

132 1425 274 1493 obsessis
292 1425 382 1490 urbis
402 1425 482 1494 locis
496 1429 701 1510 procreatum
714 1425 868 1494 videmus.
898 1361 1023 1492 Deinde
1035 1446 1135 1511 quom

86 1532 118 1584 ¹rs
132 1517 219 1586 esset
242 1513 306 1579 cito
327 1517 461 1581 necatus
484 1517 650 1597 tamquam
675 1535 712 1577 ex
731 1531 781 1584 xer
798 1513 920 1582 tabulis
938 1512 1076 1598 insignis
1095 1513 1136 1580 ad

133 1602 372 1672 deformitatem
401 1623 494 1687 puer,
524 1602 615 1669 bravi
642 1605 788 1686 tempore
817 1602 925 1667 nescio
952 1621 1016 1688 quc
1039 1604 1135 1686 pacto

131 1694 295 1760 recreatus
328 1690 496 1774 multoque
528 1690 663 1759 taetrior
694 1693 727 1756 et
758 1688 882 1758 foedior
912 1692 1045 1764 renatus
1078 1692 1136 1753 est.

133 1777 218 1858 Quid
237 1778 326 1846 enim
348 1778 404 1846 ille
426 1799 493 1849 non
515 1777 636 1846 edidit?
660 1777 715 1863 qui
735 1778 886 1862 primurn,
908 1781 945 1843 ut
967 1777 1068 1865 impio
1091 1776 1175 1846 sii-o

134 1888 233 1952 gnum
260 1865 336 1950 fuit,
364 1867 513 1951 patribus
541 1888 669 1932 ornnem
690 1866 847 1933 bonoram
870 1865 1001 1952 eripuit,
1028 1865 1137 1931 omnia

92 1973 120 2016 2⁰
134 1955 246 2024 infima
273 1955 406 2022 summis
434 1955 526 2040 paria
552 1954 642 2037 fecit,
673 1953 833 2038 turbavit,
864 1950 1007 2038 miscuit3
1038 1975 1136 2038 quom

131 2042 311 2112 adflixisset
329 2042 510 2127 principum
529 2043 733 2129 grauitatem,
750 2065 927 2129 numquam
940 2047 1051 2112 tomen
1065 2064 1137 2107 con·

134 2130 265 2214 quieuit.
309 2129 458 2215 Namque
489 2135 527 2196 nt
554 2129 588 2195 O.
615 2129 811 2200 Flaminium
843 2136 940 2216 atque
972 2153 1023 2214 ea,
1054 2141 1190 2219 quaero

134 2218 199 2290 iarn
229 2217 336 2302 prisea
366 2219 516 2287 ridentur
547 2223 680 2304 propter
707 2223 916 2303 vetustatem,
947 2219 1138 2302 relinquam,
1236 2215 1240 2223 ’

137 2307 214 2391 quid
236 2305 316 2371 iuris
339 2304 434 2370 bonis
457 2305 535 2372 viris
554 2305 601 2375 Ti.
619 2305 758 2380 Gracchi
773 2307 964 2376 ,tribunatus
982 2305 1137 2394 reliquit?

95 2394 199 2460 reatsi
230 2392 448 2478 quinquennio
481 2397 556 2462 ante
587 2393 627 2458 D.
658 2392 797 2461 Brutum
828 2399 862 2463 et
892 2393 927 2460 P.
955 2391 1138 2479 Scipionem

135 2481 283 2552 consules
311 2479 406 2566 (quos
432 2485 467 2548 et
494 2486 633 2566 quantos
660 2480 776 2568 virosi)
802 2481 901 2552 homo
924 2482 1068 2549 omnium
1090 2481 1138 2547 in-

134 2571 229 2640 fimus
257 2572 291 2638 et
317 2569 570 2655 sordidissimus,
596 2571 746 2638 tribunus
773 2571 878 2658 plebis
907 2568 942 2636 O.
965 2569 1138 2655 Curiatius,

134 2659 170 2724 in
186 2659 316 2728 vincula
333 2658 478 2742 coniecit,
496 2659 583 2743 quod
597 2659 808 2736 antefactum
821 2681 888 2726 non
899 2661 980 2727 erat.
1012 2657 1047 2724 0.
1061 2681 1137 2725 vero
1195 2667 1197 2670 ’

136 2745 274 2816 Gracchi
295 2746 396 2816 nunu
420 2750 453 2814 et
474 2746 516 2811 iis
539 2747 626 2831 sicis,
656 2769 736 2832 quas
758 2747 886 2834 ipsese
907 2747 1081 2836 proiecisse
1103 2746 1138 2816 in

95 2852 122 2895 ro
135 2834 242 2902 forum
261 2834 351 2918 dixit,
369 2834 487 2919 quibus
505 2834 761 2921 digladiarentur
774 2835 859 2904 inter
873 2857 907 2902 se
921 2835 1016 2918 cives,
1030 2856 1138 2903 nonne

136 2945 264 2994 omnem
296 2923 343 2992 rei
371 2923 520 3008 publicae
546 2927 670 2991 etatum
698 2923 916 3008 permutavit?
962 2921 1045 3004 uuio
1072 2923 1138 2990 iam

137 3012 174 3076 de
201 3008 390 3094 Saturnino,
418 3009 575 3098 Sulpicio,
600 3011 734 3098 reliquis
762 3011 888 3079 dicam?
917 3033 1009 3097 quos,
1024 3032 1064 3076 ue
1088 3009 1139 3078 de

136 3099 256 3184 pellere
286 3098 417 3182 quidem
449 3122 469 3168 a
499 3121 535 3166 se
565 3099 634 3169 sine
665 3099 752 3166 ferro
783 3099 891 3186 potuit
920 3121 971 3170 rea
998 3098 1138 3189 publica.

137 3186 201 3254 Our
237 3189 346 3258 autem
377 3191 434 3256 aut
464 3192 576 3258 vetera
607 3191 665 3254 aut
696 3187 802 3256 aliena
832 3187 997 3276 proferam
1027 3187 1137 3277 potius
1157 3197 1191 3247 cr

96 3291 122 3334 a
137 3297 234 3360 quam
252 3279 285 3340 et
302 3279 416 3343 nostra
435 3280 467 3340 ct
486 3276 649 3345 recentia?
676 3275 755 3352 Quis
774 3298 927 3362 umquam
941 3279 1011 3346 tam
1023 3275 1138 3359 audax,

134 3367 203 3432 tam
231 3362 327 3434 nobis
353 3363 502 3432 inimicus
524 3364 654 3450 fuisset,
680 3367 717 3434 ut
740 3365 900 3453 cogitaret
921 3386 1076 3451 umquam
1099 3363 1137 3430 de

136 3456 225 3522 cteta
246 3457 360 3520 nostro
379 3451 615 3540 labefactando,
636 3452 702 3524 nisi
718 3475 902 3524 mucronem
920 3453 1063 3537 aliquem
1081 3451 1139 3521 tri-
