2498 3880
65 151 69 163 ’
146 177 211 240 174
496 175 545 229 nn
563 173 805 230 nrvrnnnonn

144 321 323 406 stellaeque
342 342 467 404 aureae,
491 341 574 405 quae
587 317 726 404 Delphis
745 321 840 383 erant
858 317 1155 385 aLacedaemoniis

143 410 271 495 positae
298 413 374 494 post
400 409 550 474 navalem
578 408 670 473 illam
696 407 868 473 victoriam
890 405 1066 492 Lysandri,
1093 430 1155 494 qua

143 497 360 563 Athenienses
384 497 602 579 considerans,
625 518 689 581 qua
711 496 747 560 in
764 517 876 581 pugna
895 495 971 579 quia
986 493 1107 562 Castor
1124 501 1155 562 et
1243 551 1244 556 ,

143 585 261 651 Pollux
279 608 353 651 curn
367 584 695 650 Lacedaemoniorum
714 585 818 649 classe
837 583 900 649 visi
918 605 988 649 esse
1008 584 1154 650 diceban·

143 678 207 757 tur,
231 696 342 740 eorum
365 674 507 759 insignia
531 673 673 757 deorum,
696 673 812 737 stellae
831 693 956 757 aureae,
980 695 1062 757 quas
1082 673 1154 755 dixi,
1182 691 1195 731 ⁵

143 761 282 848 Delphis
310 763 437 848 positae
458 762 557 847 paulo
581 765 657 826 ante
680 759 882 826 Leuctricam
904 782 1052 847 pugnam
1076 762 1154 828 deci·

91 862 125 911 ‘rc
145 851 262 916 derunt
284 872 387 934 neque
406 853 554 934 repertae
573 853 658 914 sunt.
689 848 868 914 Maximum
882 871 962 914 ¹vero
981 850 1066 914 illud
1085 872 1155 936 por·
1244 913 1245 932 ,

144 942 272 1003 tentum
294 939 397 1003 isdem
420 937 595 1023 Spartiatis
617 937 694 1021 fuit,
723 938 822 1022 quod,
848 960 921 1003 cum
943 939 1092 1003 oraclum
1115 939 1155 1003 ab

143 1027 221 1092 Iove
244 1026 420 1092 Dodonaeo
447 1027 641 1113 petivissent
664 1023 702 1091 de
725 1025 864 1092 victoria
886 1025 1091 1091 sciscitantes
1114 1027 1155 1091 le

144 1115 278 1202 gatique
296 1135 351 1180 ves
368 1115 459 1200 illud,
479 1116 514 1179 in
533 1137 596 1200 quo
615 1116 745 1180 inerant
764 1118 877 1198 sortes,
897 1115 1194 1197 collocavissent,1⁰

145 1204 253 1288 simia,
283 1226 381 1288 quarn
407 1226 464 1268 rex
486 1204 706 1268 Molossorum
728 1203 763 1266 in
787 1203 910 1269 deliciis
933 1203 1092 1288 habebat,
1123 1209 1155 1268 εὴ
1245 1277 1246 1284 ¹

144 1296 248 1357 sortes
275 1292 364 1377 ipsas
392 1295 425 1357 et
448 1295 568 1376 cetera,
599 1313 681 1376 quae
704 1295 796 1356 erant
820 1292 861 1356 ad
884 1295 1006 1356 sortem
1028 1295 1155 1376 parata,
1245 1289 1246 1352 l

116 1379 340 1445 disturbavit
372 1383 405 1445 et
433 1381 521 1445 aliud
548 1381 613 1445 alio
642 1381 831 1465 dissupavit.
877 1379 960 1444 Tum
988 1401 1039 1464 ea,
1073 1402 1155 1465 quae

142 1469 331 1621 praeppsita
353 1472 424 1534 erat
447 1469 565 1570 oraclo,
588 1468 738 1534 sacerdos
760 1468 889 1570 dixisse
903 1468 1020 1569 dicitur
1043 1468 1083 1533 de
1107 1489 1155 1534 sa-

90 1559 249 1722 ath?
262 1557 506 1711 ttlttltt
520 1557 1155 1711 ttetttttrtsstffittll:
1169 1573 1192 1614 ¹⁵
1246 1729 1247 1734 ψ

90 1709 123 1757 ⁷⁷
143 1734 195 1799 sul
226 1734 345 1798 iterum
376 1734 521 1820 neglexit
552 1733 647 1820 signa
679 1755 787 1798 rerum
818 1733 1003 1798 futurarum
1034 1755 1155 1820 magna

143 1845 216 1888 cum
246 1822 337 1887 clade
365 1823 414 1887 rei
442 1822 613 1908 publicae?
650 1820 713 1898 Qui
742 1823 884 1888 exercitu
911 1822 1053 1886 lustrato
1082 1844 1154 1887 cum

143 1910 310 1975 Arretium
329 1932 442 1976 versus
460 1915 569 1976 castra
587 1911 743 1975 movisset
759 1914 793 1975 et
806 1912 921 1975 contra
934 1909 1151 1976 Hannibalern

109 2052 111 2057 .
143 1999 288 2085 legiones
317 1999 459 2082 duceret,
488 1999 617 2083 etipse
645 2003 679 2064 εὴ
706 2021 806 2083 equus
831 1999 899 2063 eius
923 2002 999 2063 ante
1023 1999 1152 2085 signum
1168 2017 1192 2055 20
1247 1989 1248 2072 l

142 2087 231 2153 Iovis
248 2085 399 2152 'Statoris
432 2088 501 2152 sine
533 2109 631 2152 causa
662 2091 795 2172 repente
827 2087 967 2152 concidit
995 2109 1055 2152 nec
1084 2110 1153 2153 eam

143 2199 212 2241 rem
233 2175 350 2240 habuit
372 2175 524 2261 religioni
547 2175 673 2240 obiecto
697 2176 807 2261 signo,
827 2179 866 2240 ut
887 2175 1002 2260 peritis
1025 2175 1155 2241 videba-

143 2269 212 2349 tur,
244 2286 285 2329 ne
317 2264 536 2329 committeret
566 2263 736 2348 proelium.
782 2263 873 2328 Idem
905 2286 978 2329 cum
1010 2264 1153 2350 tripudio

143 2353 375 2438 auspicaretur,
397 2352 556 2436 pullarius
581 2352 666 2416 diem
688 2353 805 2438 proelii
823 2353 1049 2418 committendi
1067 2353 1155 2418 diffe-

142 2443 245 2507 rebat.
285 2442 369 2506 Tum
390 2439 570 2505 Flaminius
598 2463 637 2505 ex
660 2462 698 2506 eo
722 2440 895 2525 quaesivit,
923 2441 953 2505 si
973 2462 1014 2505 ne
1037 2446 1155 2527 postea
1167 2455 1191 2496 2⁵

143 2530 272 2614 quidem
304 2529 388 2615 pulli
419 2532 641 2615 pascerentur,
676 2529 753 2613 quid
784 2528 966 2594 faciendum
998 2535 1154 2596 censeret.

143 2618 225 2685 Cum
243 2619 299 2682 ille
318 2616 546 2702 quiescendum
560 2617 788 2702 respondisset,
806 2616 1000 2683 Flaminius:
1025 2617 1155 2685 ‘Prae-

142 2707 250 2774 clara
272 2727 363 2772 vero
387 2705 575 2791 auspicia,
603 2706 636 2769 si
659 2706 923 2771 esurientibus
946 2707 1069 2792 pullis
1093 2730 1154 2773 res

143 2795 227 2882 geri
249 2793 411 2879 poterit,
434 2793 581 2858 saturis
598 2793 699 2858 nihil
719 2792 905 2880 gereturl'
927 2793 1039 2878 itaque
1059 2797 1156 2884 signa

143 2883 282 2949 convelli
305 2886 338 2947 et
361 2903 396 2948 se
419 2881 511 2966 sequi
528 2882 633 2946 iussit.
670 2880 740 2958 Quo
759 2885 906 2967 tempore
925 2905 997 2949 cum
1017 2884 1190 2970 signifera

141 2971 240 3056 primi
257 2971 383 3036 hastati
401 2970 532 3056 signum
549 2992 616 3035 non
633 2974 746 3056 posset
763 2992 893 3036 movere
909 2973 980 3036 loco
995 2993 1054 3038 nec
1069 2973 1155 3057 quic·

143 3081 241 3145 quarn
267 3059 492 3143 proficeretur,
519 3059 629 3144 plures
653 3081 725 3124 cum
750 3059 949 3144 accederent,
971 3059 1155 3127 Flaminius

142 3169 178 3212 re
199 3147 352 3212 nuntiata
375 3168 433 3212 suo
453 3169 543 3212 more
560 3146 713 3233 neglexit.
744 3146 860 3231 Itaque
878 3147 985 3213 tribus
1003 3149 1044 3214 iis
1063 3150 1154 3216 horis

89 3247 123 3298 78
143 3237 290 3302 concisus
314 3235 472 3301 exercitus
492 3238 589 3318 atque
607 3235 678 3319 ipse
696 3234 887 3300 interfectus
906 3239 964 3300 est.
995 3237 1154 3325 Magnum

141 3325 224 3390 illud
253 3323 366 3408 etiarn,
392 3324 479 3408 quod
509 3323 632 3388 addidit
659 3321 803 3407 (leelina,
831 3345 869 3390 eo
896 3327 1044 3410 ternpore
1071 3327 1189 3413 ipso,³⁵

143 3436 215 3478 cum
241 3413 304 3477 hoc
331 3412 556 3477 calamitosum
584 3411 744 3496 proelium
771 3413 877 3497 fieret,
906 3416 1017 3478 tantos
1046 3419 1154 3481 terrae

141 3505 250 3567 motus
273 3500 309 3564 in
326 3499 511 3585 Liguribus,
535 3499 644 3564 Gallia
667 3500 952 3590 compluribusque
969 3503 1087 3568 insulis
1107 3508 1155 3570 to-
