2578 3874
180 167 246 232 332
538 168 588 222 DE
606 167 655 221 RE
672 165 828 222 PUBLIGA

143 297 158 355 l
246 311 290 376 In
317 311 394 377 libro
422 314 509 376 tertio
535 314 572 376 de
597 312 776 394 republica
799 311 922 376 Tullius
943 310 1098 375 lorainem
1119 311 1197 376 dieii

145 372 243 465 1ιιοιι
264 405 302 464 ut
321 421 343 463 o
364 405 432 464 mot
430 422 472 477 re,
493 402 546 465 seol
565 405 603 464 tlt
623 421 645 463 a
665 419 794 464 novato
814 404 932 464 natira
953 400 1104 464 editum
1089 420 1127 463 ia
1148 401 1195 464 oi·

181 494 255 567 tom,
272 508 395 569 empore
412 490 504 570 audo,
525 489 637 570 fropilo
654 494 683 552 e
699 489 834 570 infirmo,
852 489 958 552 animo
976 492 1080 552 oetan
1096 489 1196 552 aromo

179 578 223 641 ool
243 577 406 660 molestias,
427 577 540 641 bamili
561 577 638 641 adt
626 577 758 653 timores,
779 576 867 640 molli
889 576 1074 654 adlabores,
1091 597 1196 658 prono

179 666 224 729 orl
244 665 395 742 libidines,
417 666 452 728 in
473 685 533 746 qao
556 669 659 728 tamea
675 666 787 729 inesset
804 669 963 745 tomowm
980 664 1107 729 obrutis
1124 666 1222 745 qai-s

179 753 253 818 dem
275 755 400 817 divinos
421 754 504 835 ipsos
525 754 643 835 iopeoii
665 757 694 816 et
715 755 834 817 meotis.
856 752 1068 836 (Aipastinus
1084 757 1197 817 witra

179 840 342 906 Iulianum
365 839 468 923 Peleo.
491 840 551 906 IV
567 845 616 906 12.
641 846 682 905 60
707 841 741 906 Τ.
765 840 801 904 Χ
816 861 850 922 p.
872 845 936 906 112
957 840 1054 924 Bert.)

147 942 165 990 ι
199 1011 201 1014 ¹
246 929 382 1013 (Homo)
404 949 474 993 oum
489 929 617 1011 fropilis
633 929 848 1012 imbecillisque
864 934 1020 1008 nassutio,
1043 934 1150 993 tomen
1167 933 1198 994 et

180 1037 203 1082 a
228 1018 325 1081 mutis
352 1017 495 1082 omnibns
521 1022 605 1082 totos
631 1022 676 1082 est
696 1022 725 1082 et
745 1038 782 1082 eo
804 1018 923 1095 omnio,
949 1037 1028 1099 qaue
1048 1018 1198 1099 firmiora

180 1110 366 1181 mouetur,
394 1107 516 1171 etiamsi
541 1107 606 1170 vim
632 1105 709 1170 coeli
734 1105 856 1186 fortiter
872 1105 1053 1188 potante,
1080 1105 1120 1169 ob
1142 1105 1196 1170 bo
1209 1127 1233 1167 ιο

181 1194 264 1256 mine
291 1197 394 1258 tomen
416 1199 484 1258 tuto
506 1213 568 1259 esse
588 1214 653 1259 ooo
669 1198 809 1276 possunt.
848 1193 904 1258 Ito
924 1194 970 1275 fit,
991 1193 1120 1274 utplus
1140 1193 1195 1259 lto

180 1281 261 1344 mirri
283 1282 421 1360 wnfaot
440 1283 522 1346 ratio
539 1303 634 1364 quom
650 1286 768 1347 notura
784 1283 888 1360 matis,
910 1283 1057 1364 quoniam
1074 1283 1110 1346 in
1128 1283 1197 1347 illis
1273 1327 1274 1344 .

180 1389 235 1433 nee
265 1372 445 1452 mopnitado
475 1372 592 1435 viriam
622 1391 718 1453 oeque
746 1371 882 1453 firmitas
912 1371 1048 1452 eorporis
1076 1369 1198 1453 efficere
1273 1367 1274 1408 ³

174 1461 289 1541 potest,
316 1478 375 1539 qao
397 1460 502 1524 minus
524 1465 581 1523 aut
602 1461 819 1542 opprimentur
840 1480 863 1522 a
883 1458 971 1524 nobis
993 1463 1049 1522 orit
1069 1463 1197 1524 nostrae

179 1545 313 1611 subiecto
335 1547 400 1612 sint
418 1549 560 1628 potestati
582 1552 634 1611 eto.
669 1547 773 1624 Pluto,
795 1552 831 1611 ut
851 1547 914 1624 los,
937 1548 1032 1625 aeolo,
1054 1548 1197 1629 inprotos
1210 1569 1235 1609 ιι
1274 1591 1275 1624 .

181 1634 339 1717 refelleret,
360 1640 493 1700 naturae
507 1637 713 1718 praesaepe,
735 1637 817 1716 qood
833 1635 921 1700 borno
938 1640 1033 1699 natas
1050 1639 1126 1700 esset
1142 1640 1197 1700 eto.
1274 1643 1275 1662 ¹

179 1721 379 1804 (Ιιαιιιιιιιιε
400 1725 437 1788 de
459 1725 578 1806 opificio
600 1725 650 1788 dei
671 1729 700 1788 3.
723 1724 789 1807 16.)

266 1864 507 1946 [Desiderantar
528 1863 578 1929 bio
593 1865 731 1947 popinae
752 1853 919 1929 minimam
940 1866 1108 1946 quattuor]

140 1977 208 2069 21).
228 1991 258 2070 3]
333 1991 455 2054 ....et
480 1987 638 2052 vehiculis
660 1987 824 2070 tarditati,
847 1987 1023 2070 eademque
1046 2009 1119 2052 aum
1143 2011 1196 2052 ae-

145 2057 321 2162 3cepisset
350 2077 499 2142 homines
525 2075 699 2141 inconditis
726 2075 860 2140 vocibus
887 2075 1075 2141 inchoatum
1103 2075 1196 2159 quid-

181 2165 255 2231 dam
279 2168 313 2230 et
334 2165 506 2231 confusum
529 2168 692 2247 sonantes,
713 2163 829 2228 incidit
850 2163 911 2228 has
934 2166 968 2227 et
990 2163 1055 2228 dist
1041 2163 1168 2228 tinxit
1157 2187 1196 2228 m
1209 2185 1234 2225 so

179 2254 285 2341 partis
309 2257 343 2318 et
365 2257 403 2318 ut
426 2254 521 2338 signa
544 2253 702 2336 quaedam
726 2251 773 2316 sio
795 2252 896 2316 verba
917 2251 1015 2316 rebus
1037 2252 1197 2353 inpressit

179 2341 392 2426 hominesque
425 2345 521 2405 antea
553 2340 744 2404 dissociatos
776 2339 1008 2405 iucundissimo
1039 2339 1126 2403 inter
1158 2361 1195 2405 se

183 2430 342 2496 sermonis
378 2428 485 2494 vinclo
522 2428 710 2513 conligavit.
757 2428 788 2491 A
821 2428 922 2492 simili
953 2427 1053 2493 etiam
1082 2433 1196 2493 mente

179 2519 279 2603 vocis,
303 2518 358 2602 qui
380 2516 575 2586 videbantur
596 2517 725 2599 infiniti,
748 2516 821 2580 soni
843 2515 954 2600 pausis
975 2515 1092 2581 notis
1082 2538 1196 2581 muen-

179 2636 208 2689 p.
226 2609 257 2688 4]
281 2607 324 2670 tis
349 2605 354 2689 l
379 2609 456 2670 sunt
484 2626 595 2670 omnes
624 2603 747 2690 signati
774 2606 808 2668 et
831 2603 988 2689 expressi,
1018 2604 1135 2688 quibus
1160 2608 1196 2669 et
1209 2623 1235 2663 rs

181 2694 355 2778 conloquia
384 2716 457 2760 oum
490 2693 679 2758 absentibus
712 2695 746 2756 et
776 2691 896 2756 indicia
924 2692 1133 2757 voluntatum
1161 2696 1196 2757 et

180 2785 393 2849 monumenta
415 2804 524 2846 rerum
546 2781 797 2866 praeteritarum
819 2783 1015 2845 tenerentur.
1044 2780 1196 2845 Accessit

181 2893 220 2937 so
247 2892 415 2955 numerus,
445 2891 496 2934 res
525 2892 599 2934 eum
622 2869 789 2933 advitam
810 2868 1006 2952 necessaria,
1034 2872 1106 2933 tum
1128 2891 1196 2933 una

180 2959 385 3023 inmutabilis
414 2961 447 3023 et
470 2961 615 3042 aeterna3
644 2978 726 3041 quae
748 2956 856 3041 prima
877 2956 998 3042 inpulit
1021 2958 1135 3040 etiam,
1156 2961 1197 3021 ut

183 3047 420 3130 suspiceremus
442 3046 477 3110 in
496 3046 622 3111 eaelum
639 3066 699 3109 neo
717 3044 840 3108 frustra
860 3044 1001 3108 siderum
1019 3048 1129 3109 motus
1146 3044 1196 3110 in-
1209 3064 1237 3104 eo

179 3138 346 3198 tueremur
367 3133 744 3216 dinumerationibusque
762 3132 907 3197 noctium
926 3155 964 3198 ao
983 3133 1120 3198 dierum.
1135 3182 1143 3198 .
1157 3183 1189 3200 ..

396 3272 636 3354 [Desiderantar
655 3273 721 3352 fere
742 3278 805 3337 orto
821 3273 982 3355 popinae]

143 3376 211 3499 3p.
231 3395 381 3473 207].
418 3416 599 3478 ..quorum
629 3393 730 3458 animi
757 3393 856 3458 altius
885 3415 920 3458 se
950 3395 1136 3460 extulerunt
1163 3402 1198 3462 et

146 3451 308 3564 aliquid
327 3442 462 3566 dippium
480 3480 574 3566 dono,
596 3484 634 3544 ut
652 3484 728 3544 ante
747 3480 822 3561 dixi,
841 3481 975 3546 deorum
993 3486 1051 3547 aut
1069 3483 1197 3549 efficere
