2526 3880
336 173 403 233 ΜΒ.
422 177 443 234 1.
468 177 545 234 car.
566 185 590 249 1,
609 186 634 236 a.
658 185 770 245 §1-4.
993 177 1057 242 145

54 323 145 404 atque
168 320 299 386 doctam
321 341 426 406 neque
448 326 518 387 tam
540 323 704 388 inmanem
722 325 854 406 tamque
871 320 1057 406 barbaram,

55 430 129 492 quae
155 429 222 473 non
251 408 430 495 significari
456 409 569 476 futura
591 413 624 476 et
647 433 668 476 a
690 410 885 496 quibusdam
906 409 1056 496 intellegi

53 495 251 581 praedicique
281 518 377 582 posse
407 502 545 564 censeat.
589 498 754 585 Principio
777 497 919 583 Assyrii,
949 501 986 563 ut
1013 497 1054 562 ab

53 584 179 650 ultumis
204 585 434 652 auctoritatem
456 590 612 672 repetam,
635 591 771 673 propter
792 585 966 672 planitiam
988 607 1054 652 ma-

31 672 314 757 rgnitudinemque
331 674 512 761 regionum,
531 697 612 760 quas
625 674 821 760 incolebant,
840 696 913 740 cum
928 674 1055 740 eaelum

53 781 85 824 ex
106 760 196 825 omni
217 763 313 846 parte
335 766 453 847 patens
472 766 569 847 atque
588 767 737 849 apertum
755 763 967 846 intuerentur,
989 766 1055 827 tra·

50 847 199 915 iectiones
222 852 395 934 motusque
419 852 590 916 stellarum
613 851 909 936 observitaverunt,
937 850 1054 935 quibua

50 937 177 1021 notatis,
202 937 280 1021 quid
304 939 418 1023 cuique
442 939 689 1026 significaretur,
711 938 887 1004 memoriae
909 938 1055 1024 prodide

50 1028 128 1089 runt
175 1023 247 1101 Qua
272 1025 309 1091 in
329 1026 462 1092 natione
486 1026 642 1094 Chaldaei
664 1048 731 1093 non
752 1048 792 1092 ex
815 1026 910 1111 artis,
937 1027 994 1092 sed
1017 1047 1056 1091 ex

21 1131 40 1169 a
50 1114 152 1198 gentis
180 1114 341 1180 vocabulo
364 1115 525 1180 nominati
547 1116 701 1181 diuturna
723 1114 951 1182 observatione
975 1113 1056 1179 side

50 1223 114 1266 rum
142 1201 314 1268 seientiam
341 1206 499 1288 putantur
527 1205 683 1288 effecisse,
710 1208 748 1268 ut
769 1201 912 1289 praedici
934 1205 1055 1288 posset,

50 1287 119 1371 quid
138 1290 255 1375 cuique
273 1295 466 1357 eventurum
484 1294 518 1356 et
532 1313 596 1378 quo
611 1292 747 1378 quisque
760 1291 831 1356 fato
847 1295 946 1356 natus
960 1294 1055 1356 esset.

49 1375 190 1444 Eandem
218 1381 324 1444 artem
352 1379 452 1445 etiam
479 1379 637 1466 Aegyptii
663 1379 904 1466 longinquitate
931 1382 1056 1464 tempo·

49 1487 114 1530 rum
131 1467 427 1534 innumerabilibus
442 1490 544 1554 paene
559 1468 696 1534 saeculis
710 1467 875 1534 consecuti
887 1470 1054 1552 putantur.

20 1571 39 1610 1⁶
50 1551 181 1620 Cilicum
218 1559 328 1620 autem
366 1559 400 1621 et
427 1555 614 1622 Pisidarum
646 1577 725 1642 gens
758 1559 791 1620 et
822 1555 874 1620 his
905 1555 1055 1620 finituma
1122 1599 1127 1609 ·

48 1639 246 1728 Pamphylia,
271 1643 389 1728 quibus
411 1644 601 1710 nationibus
623 1643 821 1730 praefuimus
843 1642 917 1728 ipsi,
940 1643 1055 1708 volati-

49 1729 102 1795 bus
126 1732 238 1798 avium
262 1732 477 1818 cantibusque
499 1738 536 1797 ut
556 1732 746 1799 certissimis
769 1730 872 1818 signis
897 1731 1055 1797 declarari

49 1839 94 1882 res
114 1819 246 1884 futures
268 1821 396 1905 putant.
434 1817 539 1895 Quam
561 1841 638 1887 vero
663 1819 799 1885 Graecia
817 1818 979 1885 coloniam
997 1819 1055 1884 mi·
1073 1830 1089 1878 3

50 1905 87 1970 sit
107 1907 142 1972 in
160 1907 323 1992 Aeoliam,
345 1906 482 1993 Ioniam,
505 1907 629 1991 Asiam,
653 1905 806 1991 Siciliam,
828 1905 962 1973 Italiam
985 1907 1054 1972 aine

17 1993 160 2078 xroPythio
194 1999 253 2061 eut
285 1995 463 2062 Dodonaeo
495 1999 553 2062 aut
583 1995 776 2062 Hammonis
809 1995 962 2061 oraculo?
997 1999 1054 2062 aut

49 2084 125 2166 quod
154 2085 281 2149 bellum
309 2089 498 2170 susceptum
525 2084 567 2150 ab
596 2106 634 2149 ea
661 2084 730 2148 sine
757 2082 892 2149 consilio
920 2084 1054 2148 deorum

49 2171 112 2236 est?
156 2170 229 2238 Nec
258 2193 360 2237 unum
390 2194 493 2258 genus
523 2175 573 2238 est
600 2171 808 2237 divinationis
834 2171 964 2257 publice
990 2172 1094 2257 pri-2

49 2260 209 2345 velimque
233 2261 444 2326 celebratum.
489 2259 590 2344 Nam,
616 2263 655 2324 ut
678 2259 829 2324 omittam
851 2262 977 2325 eeteros
999 2280 1055 2344 po·

18 2361 21 2370 '
47 2348 145 2434 pulos,
163 2352 279 2414 noster
298 2371 397 2433 quam
415 2349 522 2413 multa
540 2368 660 2434 genera
678 2348 852 2432 conplexus
871 2348 935 2412 estl
963 2345 1056 2412 Prin·

18 2435 125 2520 scipio
143 2436 242 2502 huius
261 2437 353 2502 urbis
371 2457 491 2523 parens
504 2435 664 2501 Remulus
681 2456 749 2500 non
765 2435 872 2500 solum
885 2434 1054 2520 auspicato

47 2524 153 2588 urbem
172 2524 367 2609 condidisse,
386 2525 443 2589 sed
460 2524 531 2610 ipse
550 2524 650 2588 etiam
668 2526 821 2608 optumus
836 2543 940 2608 augur
952 2522 1053 2587 fuisse

47 2612 189 2678 traditur.
235 2612 362 2678 Deinde
393 2611 571 2699 auguribus
600 2614 634 2676 et
662 2611 780 2696 reliqui
806 2630 900 2696 reges
927 2609 991 2693 usi,
1021 2612 1054 2674 et

48 2701 161 2766 exactis
189 2701 326 2788 regibus
353 2700 438 2765 nihil
464 2699 593 2786 publice
617 2699 686 2764 sine
709 2698 862 2784 auspiciis
884 2719 943 2762 nec
967 2697 1055 2762 domi

47 2807 100 2854 nec
119 2789 261 2854 militiae
285 2789 470 2876 gerebatur.
511 2786 656 2872 Cumque
679 2808 800 2873 magna
821 2785 872 2851 vis
890 2784 1055 2850 videretur

19 2886 112 2941 besse
135 2880 168 2942 et
189 2876 407 2963 inpetriendis
431 2876 699 2960 consulendisque
721 2875 819 2940 rebus
842 2877 875 2939 et
895 2872 1053 2938 monstris

48 2962 295 3051 interpretandis
315 2987 352 3031 ac
370 2964 583 3050 procurandis
601 2964 637 3028 in
649 2963 859 3048 haruspicum
874 2961 1054 3046 disciplina,

49 3071 168 3119 omnem
190 3054 279 3120 hane
302 3075 341 3118 ex
359 3051 497 3118 Etruria
520 3051 690 3118 seientiam
713 3050 919 3133 adhibebant,
940 3070 982 3113 ne
1001 3069 1054 3134 ge·

49 3157 102 3205 nus
128 3146 216 3208 esset
244 3141 351 3206 ullum
380 3140 603 3224 divinationis,
631 3138 718 3225 quod
739 3138 925 3224 neglectum
948 3135 989 3201 ab
1012 3137 1053 3201 iis

49 3227 211 3296 videretur.
258 3229 305 3295 Et
332 3251 407 3295 eum
434 3229 560 3294 duobus
583 3228 689 3294 modis
712 3226 812 3292 animi
835 3226 904 3291 sine
927 3224 1092 3290 rationea

20 3317 78 3378 uae
97 3318 234 3384 scicntia
258 3321 353 3383 motu
370 3317 436 3403 ipsi
454 3339 513 3382 suo
533 3317 640 3381 soluto
661 3318 694 3380 ct
711 3315 814 3380 libero
831 3313 1054 3396 incitarentur,

49 3424 104 3470 uuo
131 3405 278 3491 fruente,
312 3406 417 3471 altero
446 3404 644 3488 somniante,
674 3401 794 3467 furoris
821 3401 1055 3467 divinationem

50 3485 210 3578 Sibyllinis
239 3493 383 3560 maxime
410 3492 559 3559 versibus
587 3490 746 3557 contineri
768 3489 920 3556 arbitrati
944 3510 1055 3555 eorum

95 3605 147 3651 010.
159 3607 204 3651 Π.
218 3609 240 3651 8.
807 3599 840 3649 10
