2590 3880
324 144 392 201 Lus.
410 144 432 201 Ι.
452 144 527 202 οΑΡ.
547 151 661 202 ae-se.
680 151 695 212 s
715 152 827 204 re—rs.
1036 151 1080 218 29

66 291 213 376 quodam
236 289 441 376 sapientium,
467 311 530 374 quo
552 288 682 354 facilius
705 290 831 356 animos
854 290 1080 377 imperitorum

67 380 111 444 ad
133 379 271 444 deorum
293 379 417 444 cultum
440 377 566 443 aritae
583 378 747 463 pravitate
765 384 999 466 converterent,
1023 387 1081 449 aut

67 467 318 552 superstitione,
349 469 386 530 ut
419 468 527 530 essent
559 465 745 551 simulacra,
778 488 860 552 quae
888 475 1080 537 venerantes

68 556 147 620 deos
171 556 262 640 ipsos
286 575 320 620 se
344 555 432 618 adire
455 553 643 620 crederent?
679 554 850 620 Auxerunt
873 560 982 623 autem
1000 559 1080 625 haec

40 644 185 709 seadem
207 646 332 728 poetae,
354 642 505 728 pictores,
528 642 673 727 opifices3
695 646 766 708 eret
789 645 876 710 enim
896 666 963 711 non
983 646 1080 714 facile

68 731 201 818 agentis
231 731 354 816 aliquid
382 734 415 796 et
441 731 606 796 molientis
634 731 711 796 deos
738 731 774 795 in
801 732 940 798 alierum
962 733 1081 800 forma·

67 843 143 885 rum
173 819 357 884 imitatione
388 840 525 884 servare.
571 818 717 884 Accessit
747 819 847 885 etiam
875 821 941 887 ista
971 824 1081 909 opinio

66 909 227 993 fortasse,
260 907 346 992 quod
377 907 502 973 homini
533 907 664 972 homine
691 908 859 993 pulchrius
886 910 970 974 nihil
996 911 1081 976 vide·

67 997 180 1062 batur.
216 993 288 1060 'Sed
309 999 347 1060 tu
369 995 441 1080 hoc,
465 994 607 1081 physice,
628 1017 695 1061 non
716 996 817 1081 vides,
840 1019 937 1081 quam
960 999 1082 1066 blanda

28 1085 276 1151 reconciliatrix
306 1088 339 1149 et
366 1084 461 1168 quasi
488 1084 538 1149 sui
561 1084 605 1148 sit
627 1084 702 1149 lena
723 1087 864 1150 natura?
908 1086 962 1151 An
984 1091 1081 1172 putas

68 1174 176 1240 ullam
205 1194 275 1238 esse
302 1176 392 1238 terra
417 1172 564 1257 marique
590 1172 735 1258 beluam,
763 1195 845 1256 quae
866 1196 933 1240 non
956 1176 1007 1240 sui
1030 1197 1082 1262 ge-

67 1262 160 1327 neris
191 1261 288 1326 belua
315 1261 454 1326 maxime
482 1260 681 1326 delectetur?
731 1259 825 1336 Quod
850 1262 885 1328 ni
911 1263 960 1328 ita
988 1268 1082 1348 esset,

68 1373 129 1417 cur
155 1371 223 1415 non
251 1350 387 1435 gestiret
413 1352 527 1413 taurus
555 1371 656 1434 equae
683 1349 952 1435 contrectatione,
981 1373 1081 1437 equus

68 1438 213 1504 vaccae?
258 1437 312 1502 An
338 1441 376 1502 tu
402 1436 546 1523 aquilam
574 1442 631 1502 aut
658 1437 785 1503 leonem
812 1442 870 1503 aut
893 1439 1082 1524 delphinum

29 1543 57 1589 15
69 1528 178 1592 ullam
210 1525 371 1590 anteferre
402 1547 513 1591 censes
544 1525 685 1612 figuram
717 1527 816 1592 suae?
866 1524 950 1601 Quid
980 1528 1083 1615 igitur

69 1613 720 1787 tisthlltlttltlltffl
732 1617 1083 1788 {tlttrl‘tsslltl

889 1753 899 1788 θ

71 1815 215 1876 causam,
238 1813 294 1856 cur
317 1791 393 1856 deos
415 1790 584 1856 hominum
607 1789 724 1855 similis
746 1792 972 1876 putaremus]?

139 1879 226 1956 Quid
257 1879 390 1945 censes?
427 1879 456 1943 si
482 1879 567 1944 ratio
600 1882 686 1944 esset
717 1879 752 1942 in
780 1879 900 1964 beluis,
930 1901 997 1946 non
1024 1902 1082 1947 suo
1103 1895 1136 1944 78

30 1985 220 2054 aequasque
248 1967 359 2053 generi
384 1967 562 2051 plurimum
584 1967 765 2032 tributuras
786 1966 909 2033 fuisse?
950 1968 997 2033 At
1019 1971 1136 2038 me28

71 2058 205 2123 hercule
233 2076 293 2142 ego
321 2051 440 2140 (dicam
468 2054 567 2138 enim,
594 2058 632 2118 ut
659 2053 779 2142 sentio)
807 2057 955 2140 quamuis
978 2079 1084 2124 amem

72 2146 143 2231 ipse
176 2165 243 2228 me,
274 2147 386 2208 tamen
411 2164 478 2208 non
506 2144 606 2208 audeo
634 2143 739 2209 dicere
765 2143 985 2229 pulchriorem
1013 2167 1084 2212 esse

72 2257 134 2317 me,
159 2254 258 2318 quam
279 2231 337 2296 ille
358 2231 459 2296 fuerit
476 2234 600 2316 taurus,
623 2231 679 2315 qui
696 2231 786 2297 vexit
798 2231 974 2318 Europam.
1008 2232 1085 2300 Non

74 2323 162 2386 enim
184 2319 248 2385 hoc
270 2319 343 2384 loco
367 2319 405 2384 de
428 2319 568 2405 ingeniis
591 2323 648 2384 aut
671 2319 709 2386 de
733 2320 935 2386 orationibus
953 2322 1084 2406 nostris,

29 2439 55 2479 rs
74 2410 132 2475 sed
155 2409 195 2474 de
219 2407 325 2493 specie
346 2408 514 2494 figuraque
538 2408 712 2492 quaeritur.
749 2406 870 2483 Quodsi
888 2409 1010 2495 fingere
1028 2430 1084 2473 no

74 2498 125 2562 bis
155 2500 189 2562 et
211 2495 345 2583 iungere
367 2495 490 2561 formas
512 2496 664 2580 velimus,
692 2496 798 2581 qualis
821 2496 878 2560 ille
901 2496 1084 2562 maritimus

74 2585 193 2650 Triton
220 2584 379 2670 pingitur,
405 2584 596 2649 natantibus
618 2583 774 2649 invehens
796 2583 901 2650 beluis
925 2584 1084 2650 adiunctis

73 2674 219 2738 humano
247 2672 388 2757 corpori,
414 2672 500 2738 nolis
524 2693 603 2737 esse.
652 2671 789 2738 Difficili
810 2672 846 2737 in
868 2672 940 2736 loco
964 2692 1084 2736 versor.

74 2761 137 2827 Est
160 2761 249 2826 enim
269 2760 319 2826 uis
342 2763 436 2825 tanta
458 2763 603 2846 naturae,
625 2764 663 2824 ut
684 2761 783 2826 homo
804 2781 900 2825 nemo
923 2759 1004 2824 velit
1020 2759 1086 2824 nisi

27 2859 55 2899 ³0
74 2849 219 2916 hominis
251 2848 367 2914 similis
399 2870 478 2914 esse.
526 2850 572 2913 Et
604 2847 732 2933 quidem
759 2847 896 2914 formica
921 2846 1084 2914 formicae.
1104 2862 1136 2910 79

75 2937 138 3004 Sed
165 2942 277 3002 tamen
303 2937 393 3002 cuius
415 2937 579 3002 hominis?
612 2940 730 3022 quotus
754 2936 839 3002 enim
863 2935 998 3021 quisque
1020 2936 1085 3002 for·

75 3048 186 3092 mosus
211 3025 282 3090 est?
327 3025 466 3090 Athenis
490 3048 563 3090 cum
586 3047 704 3106 essem,
728 3046 745 3089 e
769 3025 924 3110 gregibus
947 3024 1085 3109 ephebo·

74 3137 148 3180 rum
170 3114 225 3180 vix
249 3113 371 3200 singuli
392 3115 645 3199 reperiebantur.
690 3111 803 3198 Video,
826 3112 903 3196 quid
924 3112 1085 3198 adriseris,

76 3204 132 3269 sed
158 3203 208 3268 ita
234 3206 345 3268 tamen
369 3223 403 3267 se
425 3223 478 3266 res
500 3201 608 3266 habet.
649 3200 773 3266 Deinde
795 3200 907 3285 nobis,
934 3203 990 3285 qui
1013 3223 1085 3267 con·

43 3319 66 3359 ss
76 3291 264 3357 cedentibus
287 3289 493 3376 philosophis
517 3290 659 3374 antiquis
679 3289 929 3354 adulescentulis
949 3289 1085 3354 delecta-

76 3401 156 3467 mur,
179 3379 280 3445 etiam
303 3378 502 3464 vitiasaepe
524 3377 663 3444 iucunda
686 3380 771 3442 sunt.
806 3375 937 3443 Naevus
956 3377 991 3442 in
1009 3377 1086 3442 arti·

75 3469 146 3536 culo
168 3465 265 3557 pueri
288 3465 428 3532 delectat
449 3466 615 3532 Alcaeum
651 3466 699 3531 At
721 3469 772 3531 est
795 3466 939 3553 corporis
958 3465 1086 3531 macula
