2526 3880
179 151 225 216 80
507 146 904 202 nnunruunnuoaun

176 299 270 361 nata
292 293 419 380 signis
442 295 559 377 atque
581 291 752 378 picturis
774 291 1055 377 instructaque
1079 293 1197 357 rebus

177 385 227 449 iis
264 383 455 466 omnibus,
492 381 631 465 quibus
669 380 869 445 abundant
903 380 947 465 ii,
984 381 1050 465 qui
1085 381 1197 446 beati
1256 379 1257 396 ²

177 473 379 557 putantur,
408 461 477 535 nec'
506 471 637 534 tamen
667 469 843 533 exissent
871 490 1051 553 umquam
1075 491 1198 554 supra

177 565 336 643 terram,
367 558 612 642 accepissent
640 560 766 621 autem
794 556 899 622 fama
926 561 964 621 et
993 557 1197 622 auditione

78 655 86 668 '
179 669 262 714 esse
295 646 483 732 quoddam
511 667 649 710 numen
681 647 720 710 et
750 645 827 710 vim
855 645 1024 731 deorum,
1057 646 1222 711 deindes

178 737 311 821 aliquo
339 738 512 819 tempore
539 733 755 818 patefactis
783 736 913 799 terrae
940 733 1123 800 faucibus
1152 757 1198 799 ex

177 825 263 890 illis
283 822 430 888 abditis
450 821 606 888 sedibus
626 822 787 887 evadere
805 821 845 886 in
862 821 956 887 baec
975 823 1075 908 loca,
1100 845 1197 908 quae
1257 829 1258 902 t

177 935 247 979 nos
269 911 491 995 incolimus,
514 913 629 995 atque
649 911 754 975 exire
772 910 1013 994 potuissent:
1037 933 1121 977 cum
1139 933 1198 976 re·
1257 909 1258 938 ³

177 1003 294 1088 pente
325 1002 470 1065 terram
502 1001 540 1063 et
572 999 694 1063 maria
725 998 952 1083 caelumque
983 999 1192 1079 vidissent,

176 1088 336 1155 nubium
372 1086 680 1174 magnitudinem
711 1089 992 1171 ventorumque
1024 1087 1104 1153 vim
1136 1109 1233 1154 co=u

178 1177 410 1263 gnovissent
433 1176 759 1261 aspexissentque
783 1175 904 1240 solem
928 1176 1088 1260 eiusque
1113 1198 1196 1242 cum

177 1264 487 1351 magnitudinem
514 1263 943 1350 pulchritudinemque,
971 1267 1051 1329 tum
1076 1265 1196 1331 etiam

178 1353 440 1419 efficientiam
468 1353 761 1440 cognovissent,
794 1353 893 1437 quod
921 1353 954 1417 is
982 1352 1082 1418 diem
1107 1353 1196 1419 effi-

177 1445 284 1508 ceret
312 1445 397 1508 toto
424 1442 533 1507 caelo
564 1442 647 1507 luce
671 1439 831 1524 diffusa3
860 1462 942 1506 cum
965 1445 1094 1506 autem
1118 1445 1196 1507 ter·

176 1552 240 1596 ras
271 1551 346 1596 nox
375 1533 594 1615 opacasset,
628 1533 707 1594 tum
734 1529 882 1594 caelum
909 1533 1036 1594 totum
1064 1552 1196 1596 cerne·
1211 1549 1232 1589 1⁵

176 1622 264 1684 rent
301 1618 422 1684 astris
459 1618 689 1684 distinctum
722 1621 760 1683 et
792 1622 970 1683 ornatum
1002 1619 1197 1704 lunaeque
1258 1619 1259 1702 f

177 1707 365 1772 luminum
394 1707 631 1772 varietatem
660 1711 741 1771 tum
769 1707 996 1792 crescentis,
1028 1711 1110 1772 tum
1138 1730 1197 1774 se·
1258 1733 1259 1736 ¹

176 1796 376 1861 nascentis
404 1817 610 1881 eorumque
639 1796 806 1861 omnium
835 1799 943 1860 ortus
972 1799 1011 1861 et
1033 1817 1196 1862 occasus

177 1887 295 1969 atque
323 1883 364 1951 in
391 1884 495 1949 omni
524 1884 763 1949 aeternitate
790 1887 898 1948 ratos
921 1884 1196 1951 inmutabiles-

177 1994 247 2058 que
285 1994 434 2057 cursus3
471 1994 566 2057 quae
601 1995 683 2038 cum
714 1971 906 2057 viderent,
941 1973 1123 2057 profecto
1158 1977 1232 2038 eta

177 2082 261 2126 esse
285 2061 375 2126 deos
399 2066 437 2126 et
458 2061 554 2126 baec
576 2064 689 2126 tanta
711 2082 828 2146 opera
851 2060 1007 2126 deorum
1031 2082 1116 2127 esse
1136 2084 1196 2127 ar·

123 2121 447 2250 ffegbitrarentur?
493 2148 603 2234 Atque
625 2149 706 2214 baec
728 2148 858 2234 quidem
880 2149 946 2214 ille.
987 2148 1058 2215 Nos
1083 2154 1196 2215 autem
1259 2217 1260 2238 ξ

176 2238 329 2303 tenebras
348 2239 530 2325 cogitemus
549 2241 669 2322 tantas,
688 2241 829 2323 quantae
844 2238 1008 2322 quondam
1022 2239 1196 2325 eruptione
1259 2291 1260 2296 η

176 2327 398 2392 Aetnaeorum
432 2326 559 2413 ignium
593 2326 751 2391 finitimas
783 2326 933 2412 regiones
966 2327 1195 2393 obscuravisse

177 2415 339 2500 dicuntur,
364 2418 403 2480 ut
425 2437 484 2500 per
505 2414 640 2479 biduum
662 2436 758 2480 nemo
781 2414 947 2480 bominem
969 2415 1068 2482 homo
1093 2438 1195 2504 agno·
1208 2433 1230 2473 2⁵

176 2508 292 2589 sceret,
323 2518 396 2569 cum
427 2506 536 2569 autem
564 2503 663 2568 tertio
692 2502 743 2568 die
771 2503 821 2569 sol
843 2503 1030 2590 inluxisset,
1059 2507 1132 2571 tum
1155 2510 1195 2571 ut

175 2593 332 2658 revixisse
356 2591 420 2656 sibi
437 2591 633 2656 viderentur.
670 2589 793 2667 Quodsi
810 2590 873 2657 hoc
891 2591 977 2657 idem
995 2614 1035 2658 ex
1049 2593 1194 2660 aeternis

123 2731 136 2754 ,
175 2681 320 2747 tenebris
334 2679 549 2766 contingeret,
561 2683 600 2744 ut
613 2680 723 2746 subito
738 2680 844 2746 lucem
854 2681 1082 2766 aspiceremus,
1097 2705 1195 2767 quae-

174 2793 252 2835 nam
271 2769 393 2854 species
413 2767 495 2834 caeli
512 2766 700 2834 videretur?
732 2765 794 2834 Sed
813 2767 1008 2835 adsiduitate
1027 2771 1195 2838 cotidiana

175 2861 209 2923 et
231 2857 463 2924 consuetudine
486 2856 654 2921 oculorum
678 2856 873 2922 adsuescunt
895 2857 996 2924 animi
1013 2881 1120 2944 neque
1140 2861 1194 2926 ad·
1207 2875 1230 2917 ³⁰

174 2945 337 3011 mirantur
358 2965 463 3030 neque
486 2944 657 3030 requirunt
675 2945 818 3011 rationes
838 2967 949 3012 earum
967 2968 1086 3032 rerum,
1111 2971 1193 3034 quas

175 3055 304 3120 semper
326 3032 447 3118 vident,
468 3033 604 3117 proinde
628 3034 722 3118 quasi
739 3033 869 3100 novitas
886 3057 947 3100 nos
967 3036 1074 3122 magis
1094 3060 1194 3123 quam

174 3121 367 3208 magnitudo
399 3143 508 3187 rerum
541 3121 658 3187 debeat
686 3121 727 3187 ad
754 3122 967 3207 exquirendas
996 3146 1113 3191 causas
1143 3149 1196 3193 ex-

122 3223 155 3273 9⁷
175 3211 286 3278 citare.
331 3208 410 3286 Quis
444 3209 531 3275 enim
562 3209 648 3276 hunc
675 3210 841 3276 bominem
869 3211 1000 3298 dixerit,
1033 3214 1091 3299 qui
1119 3237 1192 3281 oum

174 3304 244 3365 tam
272 3301 378 3365 certos
407 3298 489 3365 caeli
516 3301 639 3383 motus,
666 3301 736 3365 tam
758 3303 849 3364 ratos
872 3305 1037 3367 astrorum
1061 3304 1193 3370 ordines
1207 3318 1229 3360 a

174 3391 309 3473 tamque
331 3388 419 3453 inter
442 3409 477 3452 se
501 3387 611 3452 omnia
633 3409 755 3453 conexa
777 3390 811 3452 et
834 3392 914 3474 apta
935 3389 1067 3476 viderit,
1091 3399 1193 3480 neget

173 3476 206 3542 in
236 3477 288 3544 his
317 3477 421 3542 ullam
447 3475 554 3540 inesse
581 3475 743 3543 rationem
771 3498 872 3562 eaque
900 3498 978 3544 casu
999 3479 1073 3545 fieri
1096 3480 1194 3568 dicat,
