2630 3890
177 131 240 195 186
531 128 581 182 DE
598 126 841 184 DIVINATIONE

176 274 303 340 divinae
321 277 431 338 autem
447 274 546 358 paulo
565 272 754 339 obscurior?
782 270 871 348 Quae
885 271 972 335 enim
989 269 1081 354 extis,
1101 293 1184 355 quae

174 362 368 449 fulgoribus,
392 384 474 447 quae
496 361 668 447 portentis,
690 382 773 446 quae
797 359 894 424 astris
913 359 1184 445 praesentiuntur,

174 451 255 516 haec
271 453 388 516 notata
406 453 482 514 sunt
500 449 727 515 observatione
746 448 907 513 diuturna.
939 447 1055 512 Adfert
1074 450 1184 512 autem

175 542 322 605 vetustas
346 538 496 604 omnibus
518 538 553 602 in
576 539 673 603 rebus
695 537 875 623 longinqua
893 535 1119 601 observatione
1137 536 1184 600 in·

176 626 362 692 credibilem
382 626 565 710 scientiam,
583 648 665 711 quae
683 629 793 711 potest
810 645 880 690 esse
894 624 994 689 etiam
1008 623 1078 688 sine
1091 627 1185 689 motu
1213 641 1226 681 ⁵
1313 675 1314 678 ,

176 719 274 800 atque
296 715 429 799 inpulsu
451 715 598 798 deorum,
626 737 712 799 cum,
736 713 874 799 quidex
897 733 1024 797 quoque
1047 711 1184 795 eveniat,

176 808 210 869 et
228 803 306 889 quid
324 824 484 887 quamque
502 825 572 867 rem
590 803 759 888 significet,
777 801 891 866 crebra
905 800 1184 866 animadversione

125 905 175 954 110
189 895 394 977 perspectum
427 894 486 956 est.
529 890 646 956 Altera
676 889 832 955 divinatio
863 892 913 954 est
941 888 1115 972 naturalis,
1146 892 1184 952 ut

177 983 253 1045 ante
272 979 351 1063 dixi,
370 1001 452 1064 quae
469 978 605 1064 physica
620 977 806 1063 disputandi
819 976 1002 1042 subtilitate
1016 976 1185 1042 referenda

176 1071 227 1138 est
250 1067 291 1132 ad
312 1071 464 1133 naturam
488 1067 629 1151 deorum,
653 1089 672 1132 a
693 1089 766 1151 qua,
788 1069 826 1130 ut
844 1065 1040 1130 doctissimis
1059 1065 1183 1150 sapien·
1198 1083 1226 1124 10

176 1155 376 1241 tissimisque
402 1155 539 1240 placuit,
566 1156 702 1221 haustos
730 1153 856 1220 animos
884 1157 918 1218 et
944 1154 1064 1218 libatos
1087 1153 1184 1219 habe

177 1265 264 1328 mus,
289 1265 425 1328 cumque
448 1243 557 1308 omnia
580 1243 743 1328 completa
765 1247 798 1307 et
820 1241 941 1307 referta
963 1241 1030 1306 sint
1053 1245 1183 1308 aeterno
1313 1255 1314 1262 ’

178 1353 274 1397 sensu
297 1335 330 1396 et
352 1335 460 1396 mente
484 1331 602 1416 divina,
623 1353 754 1397 necesse
777 1335 828 1395 est
850 1331 1043 1416 cognatione
1063 1330 1185 1396 divino·
1313 1385 1314 1388 ,

176 1443 248 1485 rum
268 1420 451 1485 animorum
469 1420 595 1485 animos
613 1419 772 1484 humanos
791 1418 995 1484 commoveri.
1027 1415 1090 1483 Sed
1104 1418 1185 1504 vigi·
1274 1429 1282 1450 ⁵
1313 1413 1314 1424 ’

177 1509 284 1574 lantes
312 1508 413 1573 animi
439 1508 526 1574 vitae
552 1507 801 1574 necessitatibus
829 1505 1225 1592 serviuntdiiungrmt1⁵

179 1618 240 1681 que
273 1618 307 1662 se
340 1619 360 1662 a
395 1597 551 1662 societate
583 1596 692 1661 divina
723 1595 839 1660 vinclis
867 1594 1012 1680 corporis
1039 1594 1184 1679 inpediti.

126 1685 311 1756 111Rarum
334 1689 384 1750 est
407 1685 569 1770 quoddam
593 1705 694 1771 genus
718 1705 842 1766 eorum,
870 1684 927 1768 qui
950 1704 984 1747 se
1007 1705 1028 1748 a
1050 1705 1184 1769 corpore

178 1777 315 1839 avocent
333 1776 366 1838 et
385 1774 426 1838 ad
444 1773 626 1839 divinarum
643 1794 752 1838 rerum
770 1771 989 1858 cognitionem
1005 1792 1082 1835 cura
1096 1773 1185 1837 omni

178 1861 348 1947 studioque
371 1861 549 1948 rapiantur.
585 1861 712 1927 Horum
735 1863 811 1925 sunt
834 1859 971 1946 auguria
993 1880 1060 1924 non
1082 1860 1184 1924 divini

176 1950 328 2035 impetus,
351 1951 408 2015 sed
430 1950 566 2015 rationis
589 1949 763 2034 humanae3
785 1971 862 2013 nam
885 1951 918 2013 et
937 1951 1056 2013 natura
1073 1947 1184 2013 futura
1198 1967 1225 2006 2⁰

176 2039 409 2123 praesentiunt,
432 2042 469 2103 ut
493 2060 649 2123 aquarum
672 2037 836 2102 eluviones
860 2040 893 2100 et
916 2034 1184 2122 deflagrationem

176 2127 321 2191 futuram
350 2127 523 2210 aliquando
552 2127 633 2191 caeli
660 2130 758 2211 atque
786 2128 961 2210 terrarum3
991 2124 1049 2190 alii
1075 2129 1184 2190 autem

101 2283 103 2287 ,
176 2215 211 2280 in
235 2214 424 2300 republica
447 2213 627 2298 exercitati,
654 2218 692 2279 ut
715 2214 753 2278 de
776 2212 970 2278 Atheniensi
993 2210 1112 2279 Solone
1135 2236 1185 2279 ac·

177 2303 331 2389 cepimus,
354 2303 511 2368 orientem
529 2302 733 2387 tyrannidem
752 2303 856 2367 multo
875 2304 951 2366 ante
969 2302 1185 2387 prospiciunt3
1313 2365 1314 2386 ,

179 2412 259 2476 quos
286 2391 461 2477 prudentes
488 2412 660 2480 possumus
689 2391 806 2475 dicere,
832 2390 866 2454 id
896 2394 945 2455 est
967 2390 1183 2476 providentes,
1198 2406 1224 2448 2⁵

178 2480 305 2546 divinos
331 2479 423 2545 nullo
451 2479 547 2544 modo
575 2501 761 2564 possumus,
789 2501 856 2544 non
877 2479 951 2564 plus
976 2501 1073 2563 quam
1094 2478 1184 2544 Mile

178 2567 262 2633 sium
285 2567 435 2653 Thalem,
466 2567 535 2652 qui,
566 2571 604 2632 ut
633 2567 858 2653 obiurgatores
882 2587 957 2632 suos
981 2567 1184 2633 convinceret

178 2657 425 2741 ostenderetque
457 2655 556 2721 etiam
587 2655 832 2740 philosophum,
865 2655 894 2720 si
924 2655 953 2720 ei
980 2655 1184 2722 commodum

178 2749 273 2830 esset,
290 2744 461 2830 pecuniam
477 2743 584 2810 facere
596 2765 701 2828 posse,
720 2765 849 2809 omnem
863 2743 977 2822 oleam,
996 2748 1183 2830 antequam

127 2845 177 2894 112
186 2833 302 2900 florere
319 2833 488 2918 coepisset,
504 2831 540 2896 in
553 2853 633 2918 agro
647 2831 774 2896 Milesio
788 2832 945 2896 coemisse
959 2832 1083 2898 dicitur.
1106 2833 1183 2898 Ani-
1197 2848 1225 2889 ³⁰

178 2922 397 2987 madverterat
421 2920 560 2986 fortasse
591 2920 731 3005 quadam
758 2919 892 2986 seientia
920 2921 1065 2986 olearum
1092 2922 1184 2986 uber·
1313 2991 1314 3006 ,

177 3013 281 3075 tatem
302 3008 381 3075 fore.
426 3008 471 3074 Et
494 3009 624 3095 quidem
646 3009 732 3074 idem
753 3008 877 3094 primus
902 3009 1111 3075 defectionem
1135 3031 1184 3075 so·
1313 3013 1314 3018 ’

178 3097 229 3182 lis,
249 3119 330 3181 quae
344 3097 491 3184 Astyage
509 3101 666 3184 regnante
681 3096 770 3162 facta
784 3100 843 3182 est,
861 3096 1058 3183 praedixisse
1071 3097 1184 3163 fertur.

125 3185 169 3252 50
243 3184 349 3250 Multa
367 3185 491 3270 medici,
513 3187 618 3250 multa
637 3186 880 3272 gubernatores,
903 3187 1066 3273 agricolae
1085 3187 1184 3252 etiam

183 3273 287 3338 multa
313 3273 549 3358 praesentiunt,
579 3274 635 3339 sed
660 3274 786 3339 nullam
813 3295 926 3340 eorum
952 3274 1184 3341 divinationem
1198 3289 1224 3332 ³⁵

177 3383 271 3444 roco,
299 3381 341 3425 ne
371 3361 464 3427 illam
497 3362 639 3447 quidem,
671 3384 735 3447 qua
767 3361 808 3427 ab
836 3361 1079 3428 Anaximandro
1105 3365 1185 3449 phy-

179 3449 244 3515 sico
277 3447 394 3513 moniti
421 3449 666 3516 Lacedaemonii
697 3453 787 3528 sunt,
819 3453 857 3515 ut
887 3451 1002 3516 urbem
1034 3454 1067 3516 et
1096 3455 1185 3518 tecta
