2590 3880
226 157 296 213 LIB.
314 158 336 212 I.
356 156 433 213 cll).
451 164 495 214 44.
514 163 529 225 5
549 164 697 215 ras-124.
715 157 784 212 LIB.
803 159 838 214 11.
856 158 995 216 ARGUM.
1072 164 1117 228 45

356 446 402 520 u.
432 444 593 518 runnu
619 443 868 519 cressonis

220 620 318 718 Dll
350 619 660 720 NATURA
692 619 1002 722 DEORUM

475 807 526 862 AD
540 807 579 861 M.
592 807 748 863 BRUTUM

405 955 547 1016 ursus
570 955 820 1044 sucuuuus.

465 1237 760 1300 ARGUMENTUM.

175 1370 232 1426 Hic
244 1369 317 1426 liber
331 1369 412 1426 brevi
420 1371 575 1441 praemisso
585 1370 731 1442 prooemio
741 1371 867 1427 continet
875 1371 959 1428 Balbi
968 1373 1003 1429 de
1017 1375 1118 1430 natura

97 1445 223 1499 deorum
236 1441 457 1512 disputationem
470 1458 504 1496 ex
517 1443 611 1498 mente
626 1441 792 1513 Stoicorum,
829 1443 861 1497 ui
874 1445 966 1498 totum
979 1444 1073 1500 locum
1086 1446 1117 1500 in

98 1515 200 1584 partes
220 1513 354 1582 quattuor
371 1511 543 1567 dividebant
576 1512 700 1568 Primum
718 1513 793 1567 enim
811 1461 951 1569 {scebant
965 1532 1025 1571 esse
1040 1516 1117 1586 deos,
1185 1575 1187 1593 β

100 1584 208 1639 deinde
231 1584 328 1652 quales
351 1584 457 1650 essent,
479 1585 541 1638 tum
562 1583 698 1638 mundum
720 1583 756 1638 ab
779 1583 820 1638 eis
838 1584 1041 1653 administrari,
1063 1604 1113 1656 po-

100 1657 211 1710 stremo
229 1653 374 1709 consulere
392 1669 440 1708 eos
458 1653 541 1708 rebus
559 1653 697 1709 humanis.
729 1653 781 1708 His
799 1653 887 1724 igitur
900 1657 1034 1724 quattuor
1046 1659 1117 1712 tam·

100 1742 191 1795 quam
218 1723 358 1794 capitibus
385 1725 448 1779 tcta
472 1723 555 1778 Balbi
578 1724 734 1795 disputatio
757 1725 924 1780 continetur.
965 1725 1003 1782 Et
1025 1728 1117 1797 prima

100 1795 222 1864 quidem
243 1811 309 1865 pars
331 1810 500 1863 quamquam
520 1812 556 1850 ne
580 1811 662 1866 egere
681 1794 940 1864 quidemoratione
958 1797 1049 1852 videri
1066 1815 1116 1869 po-

100 1867 193 1933 terat,
211 1867 308 1920 tamen
325 1865 370 1919 his
388 1865 560 1935 argumentis
580 1865 764 1920 confirmatur.
801 1865 875 1920 Nam
891 1866 1022 1936 primum,
1041 1870 1117 1938 quod

99 1937 232 1992 omnium
250 1935 427 1990 consentiens
446 1935 485 1991 sit
503 1936 538 1991 de
556 1935 599 1990 dis
619 1936 724 2006 opinio,
743 1937 844 1990 natura
860 1938 976 1992 evidens
994 1955 1054 1994 esse
1067 1956 1116 1994 ne·

101 2023 184 2063 cesse
207 2023 281 2073 esse,
305 2006 407 2061 deinde
430 2006 497 2061 deos
520 2007 597 2076 ipsos
619 2006 780 2076 praeseutia
797 2023 848 2061 sua
866 2009 896 2062 et
912 2008 1036 2063 adventu
1054 2027 1115 2064 esm

99 2095 165 2133 rem
192 2077 380 2144 confirmasse,
407 2075 615 2147 praedictiones
643 2077 712 2132 item
737 2079 767 2132 et
788 2078 1000 2147 praesensiones
1023 2097 1116 2134 rerum

99 2149 261 2203 futurarum
279 2164 339 2202 esse
358 2147 426 2202 deos
445 2147 574 2214 clamare,
593 2147 716 2202 omnium
733 2164 800 2202 vero
818 2147 938 2204 maxime
956 2150 1056 2204 miram
1073 2153 1116 2206 to·

99 2219 162 2274 tius
194 2218 292 2272 mundi
322 2216 502 2285 varietatem,
533 2218 785 2288 pulchritudinem,
817 2219 943 2274 ordinem
969 2238 1116 2290 rerumque

101 2289 232 2346 omniurn
249 2289 286 2342 ad
303 2288 456 2343 utilitatem
474 2288 718 2359 conspirationem.
752 2287 824 2353 Quin
842 2307 877 2344 ex
894 2290 958 2360 ipsa
970 2292 1116 2346 hominum

101 2359 233 2416 sollertis
251 2358 350 2441 colligi
366 2375 450 2429 posse
469 2376 530 2414 esse
547 2359 671 2428 aliquam
687 2361 811 2414 mentem
829 2359 961 2416 divinam.
998 2361 1071 2415 Nam
1089 2361 1115 2415 si

101 2432 212 2498 estem,
230 2446 350 2499 quaem
368 2445 484 2500 corpore
504 2429 573 2498 sint,
591 2429 704 2485 aliunde
723 2431 880 2497 sumantur,
899 2430 978 2485 aliud
995 2448 1013 2485 a
1029 2433 1112 2499 terra,

101 2501 184 2556 aliud
201 2501 237 2555 ab
256 2516 360 2568 umore,
378 2499 457 2554 aliud
474 2501 510 2554 ab
528 2505 605 2568 atre,
623 2500 701 2554 aliud
719 2500 754 2554 ab
773 2500 846 2570 igni,
870 2501 1009 2556 rationem
1028 2501 1114 2556 etiam

100 2572 218 2626 aliunde
235 2571 339 2626 habere
356 2586 408 2624 nos
425 2587 539 2626 necesse
558 2587 627 2639 esse,
646 2572 683 2641 et,
702 2587 765 2625 cum
780 2572 873 2626 cetera
887 2572 981 2626 omnia
993 2572 1114 2626 mundus

99 2643 221 2710 habeat,
239 2642 315 2710 quod
333 2640 372 2696 lit
389 2641 513 2696 omnium
531 2641 682 2712 optimum,
701 2640 732 2694 id
749 2641 842 2710 ipsum
860 2658 909 2696 cur
926 2658 984 2696 non
1000 2641 1113 2710 habeat,

99 2712 213 2768 nullam
231 2729 291 2767 esse
308 2711 454 2766 rationem.
488 2711 590 2767 Omnes
607 2729 691 2780 porro
706 2712 858 2767 concedere
871 2711 944 2766 nihil
957 2727 1015 2766 non
1028 2712 1113 2767 modo

100 2800 166 2838 esse
184 2782 287 2836 mundo
305 2781 415 2848 melius,
434 2782 537 2837 sedne
556 2782 677 2852 cogitari
695 2782 808 2852 quidem
820 2798 916 2852 posse;
936 2798 1031 2850 quare,
1050 2800 1114 2837 curn

99 2853 213 2909 ratione
235 2852 308 2907 nihil
331 2852 369 2908 sit
390 2852 503 2920 melius,
516 2867 578 2906 eam
590 2869 700 2922 quoque
717 2853 748 2906 in
766 2851 870 2906 mundo
888 2851 980 2907 inesse
998 2869 1114 2908 necesse

99 2940 174 2994 esse,
192 2923 240 2992 qui
279 2923 386 2979 refecto
404 2940 462 2978 non
479 2925 577 2994 posset
594 2923 636 2978 ita
654 2923 781 2977 omnibus
800 2921 928 2992 partibus
947 2923 1115 2991 consentire,

99 2994 159 3050 nisi
180 3010 237 3048 uno
282 2993 356 3050 'vino
375 2995 406 3050 et
423 2993 585 3049 continuato
604 2993 705 3064 spiritu
724 2992 914 3048 contineretur
932 2995 1003 3064 (cap.
1024 2997 1114 3066 2-8).

99 3065 153 3120 His
180 3063 337 3120 rationibus
365 3063 541 3119 subiciuntur
566 3063 818 3120 demonstrationes
840 3062 984 3134 physicae·
1020 3064 1115 3119 Prima

99 3135 185 3190 huius
203 3135 283 3190 modi
301 3137 357 3190 est:
376 3134 484 3202 Omnia,
504 3151 574 3204 quae
592 3135 705 3190 alantur
721 3135 751 3190 et
769 3136 906 3202 crescant,
926 3151 960 3190 ea
976 3135 1115 3205 tempera-

99 3207 181 3262 tione
205 3204 307 3261 caloris
330 3204 396 3261 oriri
420 3206 450 3260 et
472 3205 582 3276 augeri,
610 3221 761 3273 omnesque
782 3205 878 3274 partes
900 3203 998 3260 mundi
1022 3206 1115 3261 calore

100 3276 189 3332 lirltas
214 3275 360 3345 sustineri,
387 3276 483 3345 itaque
506 3275 593 3330 etiam
614 3275 750 3330 mundum
772 3273 859 3330 simili
880 3275 997 3346 parique
1015 3277 1117 3331 natura

100 3346 216 3402 servari
254 3348 324 3402 Esse
341 3345 431 3416 igitur
446 3347 584 3413 naturam,
603 3361 675 3414 quse
693 3361 804 3400 omnem
821 3345 957 3400 mundum
971 3346 1116 3402 contineat

101 3433 222 3487 eumque
241 3418 367 3485 tueatur,
387 3433 458 3486 quaa
477 3416 609 3486 quoniam
626 3415 725 3470 mundi
742 3414 933 3540 princifatum
952 3413 994 3487 (τὸ
1014 3413 1115 3498 dysco-

99 3485 204 3560 crudo),
222 3489 256 3543 ut
272 3487 304 3544 in
320 3486 435 3544 homine
452 3503 539 3557 mens,
559 3484 687 3542 obtineat
704 3487 734 3541 et
747 3485 833 3542 sitve
860 3488 968 3558 optima
981 3503 1114 3556 ommum,
