2596 3882
399 144 474 202 cAP.
495 152 607 202 re-m.
627 151 642 212 s
660 151 774 201 ss-se.
1026 145 1092 211 267

78 288 222 354 retineat
248 288 364 354 iatum.
412 287 638 355 ‘Causarum
666 289 791 373 enim',
822 288 943 374 inquit,
976 289 1094 356 ‘aliae

80 381 172 442 sunt
190 377 389 463 perlectae
408 380 446 442 et
463 377 718 462 principales,
742 377 844 443 aliae
861 378 1093 445 adiuvantes

81 470 120 530 et
138 465 345 551 proximae.
379 463 498 541 Quam
517 468 563 531 ob
581 489 672 551 rem,
688 488 774 532 cum
787 466 951 532 dicimus
966 468 1094 533 omnia

80 555 164 619 fato
194 553 285 619 fieri
315 554 443 619 causis
469 554 807 638 antecedentibus,
838 576 916 620 non
941 554 1014 620 hoc
1034 555 1094 619 in·

48 641 223 728 atellegi
250 641 441 708 volumus:
467 643 598 707 causis
626 642 814 728 perfectis
837 645 876 707 et
897 643 1094 729 principa·

80 730 199 814 libus,
231 729 297 795 sed
328 729 457 796 causis
490 731 771 796 adiuvantibus
799 731 1092 812 [antecedentibus]

81 823 121 884 et
142 817 357 903 proximis'.
398 817 514 903 Itaque
536 818 588 883 illi
610 819 745 902 rationi,
773 841 872 903 quam
894 819 994 904 paulo
1017 823 1094 884 ante

81 906 233 990 conclusi,
255 907 303 972 sio
326 906 478 972 occurrit:
505 906 535 972 si
557 908 668 973 omnia
689 907 759 972 fato
782 907 874 992 fiant,
897 907 989 993 sequi
1011 906 1094 972 illud

82 995 221 1081 quidem,
244 998 283 1060 ut
305 995 415 1060 omnia
436 995 543 1060 causis
565 995 648 1061 fiant
670 995 875 1080 antepositis,
897 1017 1011 1061 verum
1028 1017 1095 1061 non

37 1101 68 1140 1⁰
81 1083 317 1169 principalibus
345 1083 451 1148 causis
475 1088 509 1148 et
531 1083 698 1168 perfectis,
728 1083 785 1149 sed
808 1083 1038 1149 adiuvantibus
1060 1087 1095 1148 et

81 1171 247 1257 proximis.
284 1169 373 1246 Quae
395 1171 425 1236 si
447 1171 538 1256 ipsae
555 1193 623 1237 non
640 1175 717 1237 sunt
734 1172 770 1236 in
786 1175 902 1237 nostra
919 1175 1094 1256 potestate,

81 1282 148 1326 non
174 1259 333 1344 sequitur,
359 1262 465 1332 utne
494 1259 659 1344 adpetitus
690 1259 822 1345 quidem
851 1259 896 1324 sit
924 1260 960 1324 in
981 1264 1096 1326 nostra

81 1351 255 1434 potestate.
300 1346 348 1411 At
375 1347 437 1413 hoe
465 1352 667 1432 sequeretur,
695 1347 724 1412 si
751 1348 863 1413 omnia
884 1347 1038 1433 perfectis
1062 1353 1095 1413 et

1 1495 2 1500 ,
81 1436 316 1522 principalibus
339 1435 446 1502 causis
468 1436 540 1500 fieri
562 1436 754 1519 diceremus,
777 1441 823 1521 ut,
846 1458 920 1502 cum
943 1459 999 1502 eae
1023 1459 1095 1502 cau·

39 1541 68 1582 1⁵
83 1547 139 1590 sae
169 1545 236 1589 non
262 1528 372 1589 essent
398 1525 434 1588 in
460 1527 576 1590 nostra
602 1528 781 1608 potestate,
811 1546 853 1590 ne
880 1524 937 1590 ille
965 1525 1095 1609 quidem

82 1616 170 1678 esset
190 1612 226 1677 in
246 1616 362 1678 nostra
383 1615 557 1697 potestate.
598 1611 704 1688 Quam
725 1613 769 1678 ob
793 1635 876 1697 rem,
899 1613 956 1697 qui
977 1615 1027 1678 ita
1048 1613 1095 1678 fa·
1113 1627 1148 1676 42

82 1707 154 1766 tum
182 1700 405 1784 introducunt,
435 1704 472 1765 ut
499 1701 729 1766 necessitatem
756 1701 951 1787 adiungunt,
980 1701 1095 1766 ineos
1202 1733 1205 1738 ’

81 1789 206 1856 valebit
231 1789 292 1854 illa
312 1789 494 1874 conclusi03
521 1789 579 1874 qui
602 1793 711 1854 autem
734 1811 849 1854 causas
873 1790 1094 1854 antecedentis

67 1871 148 1944 ¹non
175 1877 285 1944 dicent
313 1877 474 1962 perfectas
501 1899 605 1962 neque
632 1877 837 1963 principalis,
864 1877 901 1942 in
925 1899 983 1942 eos
1010 1878 1096 1942 nihil

39 1984 67 2024 20
81 1965 214 2032 valebit
253 1963 348 2041 Quod
375 1965 462 2030 enim
490 1966 639 2031 dicantur
661 1965 870 2031 adsensiones
893 1965 965 2031 fieri
986 1966 1095 2032 causis

82 2053 290 2140 antepositis,
317 2053 350 2119 id
377 2054 473 2139 quale
501 2054 558 2138 sit,
585 2054 682 2119 facile
709 2077 730 2120 a
753 2075 788 2119 se
811 2053 967 2140 explicari
989 2058 1096 2140 putat.

82 2142 170 2209 Nam
197 2164 394 2228 quamquam
422 2143 571 2207 adsensio
598 2164 665 2208 non
692 2143 799 2228 possit
825 2142 896 2207 lieri
922 2142 988 2207 nisi
1011 2165 1095 2209 com-

82 2235 174 2298 mota
199 2231 285 2315 viso,
313 2234 438 2315 tamen,
466 2252 541 2296 cum
567 2230 602 2295 id
628 2231 735 2295 visum
757 2231 941 2317 proximam
964 2253 1095 2296 causam

82 2321 217 2404 habeat,
247 2341 315 2384 non
345 2319 573 2403 principalem,
605 2318 689 2384 hanc
719 2319 821 2384 habet
853 2319 1027 2403 rationem,
1058 2323 1097 2384 ut

40 2424 69 2467 rs
84 2407 286 2492 Chrysippus
315 2407 401 2490 vult,
431 2428 529 2490 quam
557 2407 677 2471 dudum
704 2407 858 2492 diximus,
886 2429 954 2472 non
976 2411 1014 2471 ut
1036 2407 1096 2472 illa

84 2495 214 2581 quidem
254 2495 325 2558 fieri
365 2495 471 2580 possit
510 2495 603 2559 nulla
643 2494 677 2560 vi
716 2494 916 2560 extrinsecus
955 2495 1097 2560 excitata

84 2584 233 2670 (necesse
274 2586 325 2647 est
364 2583 452 2647 enim
493 2583 718 2649 adsensionem
759 2583 830 2649 viso
872 2581 1096 2670 commoveri),

84 2673 141 2738 sed
169 2670 345 2735 revertitur
375 2670 418 2734 ad
448 2671 630 2754 cylindrum
661 2675 696 2736 et
727 2672 768 2736 ed
799 2671 965 2736 turbinem
991 2693 1097 2755 suum,

84 2780 167 2844 quae
204 2758 328 2822 moveri
362 2757 505 2842 incipere
539 2758 606 2823 nisi
640 2760 737 2844 pulsa
767 2780 835 2825 non
865 2763 1013 2844 possunt.
1057 2759 1097 2824 Id

41 2867 69 2908 so
85 2849 194 2914 autem
227 2868 300 2910 cum
332 2845 462 2930 accidit,
498 2851 614 2931 suapte
646 2851 778 2931 natura,
816 2847 903 2932 quod
938 2851 1097 2932 superest,

84 2939 118 3001 et
150 2933 331 3018 cylindrum
359 2935 449 3000 volvi
477 2939 509 2998 et
537 2935 661 3000 versari
687 2935 852 3000 turbinem
879 2938 984 3019 putat.
1030 2907 1150 3034 ‘Ut143

83 3021 233 3110 igitur',
262 3022 388 3107 inquit,
424 3021 506 3107 ‘qui
542 3023 738 3108 protrusit
769 3023 1000 3108 cylindrum,
1036 3023 1097 3088 de·

83 3113 142 3178 dit
169 3111 204 3176 ei
230 3110 466 3195 principium
489 3111 689 3196 motionis,
716 3112 1010 3177 volubilitatem
1034 3134 1098 3178 au·

84 3205 160 3266 tem
191 3221 267 3264 non
298 3199 418 3283 dedit,
451 3198 508 3265 sic
536 3199 661 3264 visum
691 3199 884 3265 obiectum
911 3200 1098 3284 inprimet

43 3287 185 3354 asillud
208 3288 360 3372 quidem
383 3292 421 3352 et
442 3287 556 3372 quasi
578 3287 756 3374 signabit
777 3288 818 3353 in
840 3288 965 3354 animo
988 3310 1097 3354 suam

85 3376 264 3462 speciem,
288 3377 354 3442 sed
377 3376 556 3441 adsensio
575 3380 712 3442 nostra
730 3377 806 3442 erit
824 3376 864 3441 in
881 3380 1097 3462 potestate,

84 3487 216 3551 eaque,
252 3487 364 3551 quem
401 3464 446 3530 ad
481 3464 633 3531 modum
668 3465 709 3530 in
740 3465 917 3550 cylindro
950 3465 1097 3531 dictum
