2566 3876
332 143 979 212 11113.1v.csl>.s-1c.sc-n.v
1023 142 1088 206 359

28 289 176 354 clndc't
200 288 283 354 huno
314 289 426 367 λουιιυι,
454 294 491 354 nt
520 289 658 355 ostendat
689 289 855 355 veteribus
885 286 1090 390 displicuisse

27 377 29 392 ²
76 376 237 442 Rhmsnis
263 378 322 443 vel
338 377 465 442 laudari
487 398 682 462 quemquem
703 377 741 442 in
762 398 880 444 scsens
900 376 1012 442 vivum
1033 374 1090 440 ho·

77 465 201 530 minem
229 465 282 531 vel
309 465 497 550 vituperari.
538 466 746 567 (Ακγαείίκκε
772 466 809 531 do
830 467 885 531 ωό.
907 466 958 530 dci
979 461 1090 546 119)

145 551 343 620 Comoedoom
369 573 431 620 osse
453 552 627 620 (noros
579 556 627 620 οδ
647 555 763 618 ime‘tot
750 574 850 620 nonem
871 554 965 624 vitoe
987 532 1142 659 speon-11

52 643 145 706 olum
168 643 408 721 oonsnenedinis,
435 643 603 725 ιἰκυγίκεκι
623 643 769 709 veritatis
804 641 936 725 (Donat.
916 642 995 706 λεία
1016 660 1089 705 com.

77 732 177 812 inp.
198 730 308 795 LVII
327 731 446 796 Terent.
470 733 514 795 ed.
541 729 693 809 Westcrh„
711 752 745 814 p.
767 729 859 796 XVI
877 737 898 795 9
920 729 1017 795 nnn
987 729 1039 812 te.)

145 819 202 884 Ao
222 817 303 883 hono
320 821 560 884 convenientiam
571 821 714 902 pertinet,
731 819 814 900 qnod
829 820 922 884 etiam
939 817 1091 883 soocnioos

77 911 196 972 actores
223 909 389 972 eorundem
413 908 594 989 sabulonem
619 929 683 973 non
704 928 803 990 porco
825 907 959 973 ciciton‘s
980 905 1092 970 honore

77 997 196 1078 dionos-
211 997 440 1075 concinerunt,
461 996 625 1078 siqnidem,
651 998 733 1078 qnod
753 999 788 1061 in
810 1017 843 1061 eo
864 1015 980 1078 quoqne
1001 995 1037 1058 dc
1058 1012 1093 1058 re

42 1102 65 1140 ιο
73 1084 209 1164 νοιδίων-
223 1084 301 1149 lchro
319 1090 580 1163 commemoratur,
602 1085 780 1150 Aeschines
799 1082 1018 1165 Atheniensis,
1040 1079 1094 1146 vir

78 1171 376 1256 eloquentissimus,
390 1193 464 1238 cnm
478 1172 668 1238 adulescens
679 1172 865 1258 tragoedias
880 1169 1092 1253 necavisset,

78 1281 149 1324 rem
177 1260 343 1344 publicem
371 1260 559 1346 capessivit,
588 1264 622 1326 eh
644 1261 902 1345 Aristodemum,
929 1258 1092 1345 tragicum

77 1349 165 1412 item.
188 1351 346 1432 actorem,
373 1349 524 1414 maximis
552 1349 710 1415 derebus
732 1349 822 1434 penis
846 1352 880 1414 et
902 1347 988 1412 belli
1004 1348 1092 1434 legs-

77 1439 151 1502 hum
170 1436 212 1501 cd
225 1436 415 1539 Philippum
428 1436 644 1504 Athenienses
664 1459 760 1522 snepe
779 1438 946 1503 miserunt.
968 1435 1091 1519 (Λαρκ-

40 1527 182 1590 nonnos
204 1526 241 1590 dc
262 1527 316 1590 cio.
339 1527 389 1590 dn·
409 1523 457 1590 II
474 1525 538 1609 11.)
1103 1591 1146 1654 12

147 1617 235 1688 Oves
253 1617 319 1706 γδιρ
338 1618 451 1688 ἅπασα
447 1623 596 1744 τέρψις
600 1620 749 1707 μεμπτὸν
768 1645 847 1688 οντε
858 1623 917 1706 τῆς
931 1622 1094 1740 μουσικῆς
1112 1670 1146 1718 14

77 1715 165 1804 αύτη
193 1719 302 1802 τέλος,
332 1715 407 1785 ἄλλ’
437 1716 459 1804 ἡ
488 1718 549 1805 μὲν
577 1723 773 1842 ψυχαγωγία
800 1717 883 1784 κατὰ
909 1717 948 1785 τὸ
973 1721 1093 1804 συμβε-

76 1812 201 1899 βηκός,
225 1811 350 1894 σκοπὸς
373 1811 450 1882 δὲ
434 1842 453 1881 ο
477 1821 693 1902 προκείμενος
715 1812 737 1900 ἡ
761 1813 845 1902 πρὸς
867 1812 989 1902 ἀρετὴν
1007 1812 1093 1900 ύφί-

76 1918 167 1979 λεια·
196 1909 278 1998 ὅπερ
307 1911 454 1992 πολλούς
475 1938 510 1980 τε
534 1910 656 1992 ἄλλους
679 1916 781 1978 ἔλαθε
803 1911 914 1978 καὶ
881 1937 942 1979 τον
965 1915 1001 1981 ἐν
1023 1925 1093 1990 τοῖς

37 2028 62 2066 ²⁰
77 2009 274 2096 Κικέρωνος
296 2011 358 2075 τοῦ
377 2005 542 2094 Ῥωμαίου
565 2016 787 2087 πολιτικοῖς
808 2007 850 2075 τὰ
872 2008 956 2076 κατὰ
979 2028 1094 2096 μουσι-

76 2111 139 2192 κῆς
162 2106 359 2192 ῒρηθέντα·
383 2102 425 2173 ού
444 2103 509 2190 γὰρ
529 2103 626 2192 ἔγωγ’
647 2101 692 2173 ἂν
710 2111 816 2192 φαίην
835 2108 949 2196 ἐκείνω
968 2105 1008 2173 τὰ
1027 2130 1094 2172 τοι

77 2209 166 2272 αὕτα
199 2206 373 2291 εἰρῆσθαι·
403 2205 473 2282 πῶς
503 2202 568 2288 γὰρ
601 2201 645 2269 ἄν
676 2227 726 2281 τις
753 2199 859 2269 αὐτὸν
887 2207 1093 2288 ίσχνρίσαιτο

76 2299 247 2388 μουσικὴν
265 2303 438 2386 λοιδορεῖν
455 2325 491 2366 τε
508 2299 564 2366 καὶ
584 2296 629 2379 ὦς
647 2297 782 2385 φαύλην
801 2295 961 2366 εὐθύνειν
975 2300 1094 2384 τέχνην

76 2397 256 2486 ἁρμονιῶν
284 2423 321 2464 τε
347 2398 403 2464 καὶ
432 2400 574 2484 ῥυθμῶν
602 2394 721 2485 ύρετύς
747 2421 783 2463 τε
809 2396 865 2462 καὶ
887 2402 1003 2475 κακίας
1026 2400 1094 2463 διυ-

38 2515 62 2553 ²⁵
78 2501 257 2581 ρίζονσαν;
281 2491 402 2578 ἄνδρα,
426 2489 463 2572 δς
485 2491 523 2559 τὸ
543 2496 724 2578 τηνικαῦτα
743 2494 888 2578 ῥυθμοῖς
905 2492 1022 2578 μόνοις
1039 2493 1095 2559 καὶ

76 2590 213 2670 τούτοις
235 2587 393 2676 ἀγεννέσι
411 2590 468 2657 καὶ
487 2589 630 2676 φαύλοις
649 2588 922 2676 ἐπιδεικνύμενον
936 2587 1096 2660 Ῥύσκιον

76 2687 140 2756 τὸν
161 2685 333 2775 ὀρχηστὴν
351 2685 440 2756 οὕτω
460 2686 594 2773 σφόδρα
613 2686 832 2774 ἐξεπλήττετο,
851 2685 936 2755 ὥστε
954 2687 1096 2774 φάσκειν

76 2783 188 2853 αύτὸν
218 2790 364 2872 προνοίᾳ
391 2787 486 2852 θεων
510 2786 542 2863 ές
565 2781 770 2871 ἀνθρώπους
792 2792 983 2872 παρελθεῖν.
1027 2785 1097 2853 Καὶ

76 2881 145 2970 γὰρ
170 2889 206 2950 sl'
225 2907 276 2961 τις
298 2878 405 2950 αύτδυ
428 2879 554 2966 φύσκυι
574 2880 615 2947 τὰ
635 2881 696 2967 μέν
716 2883 752 2949 ἐν
770 2873 793 2970 ᾖ
812 2883 1021 2970 συγγέγραφε
1038 2907 1098 2951 πυ-

36 2999 61 3039 ³0
76 2985 187 3069 λιτείηι
215 2980 328 3064 λέγειν
356 2979 532 3063 ἑκουσίως,
558 2977 599 3044 τδι
629 2977 667 3046 δὲ
689 2978 765 3064 περὶ
782 2976 944 3047 Ῥούστιον
967 3004 1098 3067 προκει-

75 3080 182 3164 μένης
211 3077 326 3142 ἒνεκεν
353 3071 562 3160 ὑποθέσεως,
590 3071 823 3161 ἀναστρέφειν
851 3075 912 3162 μὲν
933 3077 989 3142 καὶ
1011 3073 1098 3163 ἡμᾶς

74 3171 184 3246 οὐδὲν
203 3171 349 3240 κωλύσει
366 3169 428 3238 τὸν
447 3168 553 3238 αὐτὸν
567 3170 680 3257 λόγον.
715 3169 800 3238 Ἀλλ’
818 3168 908 3258 ὅμως
920 3174 976 3240 καὶ
992 3171 1098 3253 οὕτως

73 3270 182 3337 λύθοι
216 3294 268 3346 τις
299 3263 344 3335 ἂν
376 3264 632 3351 ἀποδοκιμάζων
664 3272 808 3353 μᾶλλον,
842 3267 924 3336 ὅσον
956 3273 1003 3348 εἰς
1033 3269 1097 3355 τὴν

73 3369 258 3454 παροῦσαν
278 3365 407 3448 σκέψιν,
426 3358 448 3448 ἢ
463 3361 621 3442 συνιστὰς
634 3361 695 3429 τὸν
711 3362 849 3450 ῥήτορα·
864 3364 1097 3445 ἄναξιόπιστος

35 3483 60 3522 ω
73 3461 142 3552 γὰρ
172 3459 259 3549 πρὸς
287 3456 449 3546 ύληθείας
477 3457 611 3546 εύρεσιν
637 3454 660 3545 ἢ
689 3463 822 3526 δικαίαν
849 3468 960 3543 κρίσιν
983 3459 1001 3530 δ
1024 3475 1097 3541 ταῖς
