<?xml version="1.0" encoding="UTF-8"?>
<!DOCTYPE html PUBLIC "-//W3C//DTD XHTML 1.0 Transitional//EN"
    "http://www.w3.org/TR/xhtml1/DTD/xhtml1-transitional.dtd">
<html xmlns="http://www.w3.org/1999/xhtml" xml:lang="en" lang="en">
 <head>
  <title>
</title>
<meta http-equiv="Content-Type" content="text/html;charset=utf-8" />
  <meta name='ocr-system' content='tesseract 3.04.00' />
  <meta name='ocr-capabilities' content='ocr_page ocr_carea ocr_par ocr_line ocrx_word'/>
</head>
<body>
  <div class='ocr_page' id='page_1' title='image "./scriptaquaemans02mullgoog_0227.png"; bbox 0 0 2630 3890; ppageno 0'>
   <div class='ocr_carea' id='block_1_1' title="bbox 199 130 856 199">
    <p class='ocr_par' dir='ltr' id='par_1_1' title="bbox 199 130 856 199">
     <span class='ocr_line' id='line_1_1' title="bbox 199 130 856 199; baseline -0.005 -12"><span class='ocrx_word' id='word_1_1' title='bbox 199 135 263 199; x_wconf 81' lang='lat'>170</span> <span class='ocrx_word' id='word_1_2' title='bbox 544 132 593 186; x_wconf 83' lang='lat' dir='ltr'>DE</span> <span class='ocrx_word' id='word_1_3' title='bbox 612 130 856 187; x_wconf 85' lang='lat' dir='ltr'><strong>DIVINATIONE</strong></span> 
     </span>
    </p>
   </div>
   <div class='ocr_carea' id='block_1_2' title="bbox 127 274 1272 1580">
    <p class='ocr_par' dir='ltr' id='par_1_2' title="bbox 196 274 1211 450">
     <span class='ocr_line' id='line_1_2' title="bbox 196 274 1211 362; baseline -0.004 -17"><span class='ocrx_word' id='word_1_4' title='bbox 196 279 311 362; x_wconf 89' lang='lat' dir='ltr'>adfert,</span> <span class='ocrx_word' id='word_1_5' title='bbox 330 277 494 343; x_wconf 86' lang='lat' dir='ltr'>Rhodium</span> <span class='ocrx_word' id='word_1_6' title='bbox 516 277 677 362; x_wconf 80' lang='lat' dir='ltr'><strong>quendam</strong></span> <span class='ocrx_word' id='word_1_7' title='bbox 695 274 887 341; x_wconf 88' lang='lat' dir='ltr'>morientem</span> <span class='ocrx_word' id='word_1_8' title='bbox 907 297 963 341; x_wconf 90' lang='lat' dir='ltr'>sex</span> <span class='ocrx_word' id='word_1_9' title='bbox 982 274 1135 360; x_wconf 79' lang='lat' dir='ltr'>aequales</span> <span class='ocrx_word' id='word_1_10' title='bbox 1152 296 1211 341; x_wconf 91' lang='lat' dir='ltr'>no-</span> 
     </span>
     <span class='ocr_line' id='line_1_3' title="bbox 196 363 1210 450; baseline -0.005 -17"><span class='ocrx_word' id='word_1_11' title='bbox 196 369 337 433; x_wconf 90' lang='lat' dir='ltr'>minasse</span> <span class='ocrx_word' id='word_1_12' title='bbox 360 370 394 432; x_wconf 91' lang='lat' dir='ltr'>et</span> <span class='ocrx_word' id='word_1_13' title='bbox 416 366 547 450; x_wconf 83' lang='lat' dir='ltr'>dixisse,</span> <span class='ocrx_word' id='word_1_14' title='bbox 578 365 634 450; x_wconf 93' lang='lat' dir='ltr'>qui</span> <span class='ocrx_word' id='word_1_15' title='bbox 656 365 780 450; x_wconf 88' lang='lat' dir='ltr'>primus</span> <span class='ocrx_word' id='word_1_16' title='bbox 804 387 929 448; x_wconf 92' lang='lat' dir='ltr'>eorum,</span> <span class='ocrx_word' id='word_1_17' title='bbox 958 364 1015 448; x_wconf 94' lang='lat' dir='ltr'>qui</span> <span class='ocrx_word' id='word_1_18' title='bbox 1042 363 1210 448; x_wconf 91' lang='lat' dir='ltr'>secundus,</span> 
     </span>
    </p>

    <p class='ocr_par' dir='ltr' id='par_1_3' title="bbox 127 450 1253 1156">
     <span class='ocr_line' id='line_1_4' title="bbox 127 450 1210 541; baseline -0.005 -20"><span class='ocrx_word' id='word_1_19' title='bbox 127 497 132 508; x_wconf 89' lang='lat'><strong>·</strong></span> <span class='ocrx_word' id='word_1_20' title='bbox 196 457 253 541; x_wconf 92' lang='lat' dir='ltr'>qui</span> <span class='ocrx_word' id='word_1_21' title='bbox 276 454 389 520; x_wconf 90' lang='lat' dir='ltr'>deinde</span> <span class='ocrx_word' id='word_1_22' title='bbox 413 454 562 538; x_wconf 81' lang='lat' dir='ltr'>deinceps</span> <span class='ocrx_word' id='word_1_23' title='bbox 586 454 764 518; x_wconf 89' lang='lat' dir='ltr'>moriturus</span> <span class='ocrx_word' id='word_1_24' title='bbox 787 457 880 518; x_wconf 87' lang='lat' dir='ltr'>esset.</span> <span class='ocrx_word' id='word_1_25' title='bbox 926 450 990 517; x_wconf 83' lang='lat' dir='ltr'>Sed</span> <span class='ocrx_word' id='word_1_26' title='bbox 1012 452 1117 517; x_wconf 88' lang='lat' dir='ltr'>tribus</span> <span class='ocrx_word' id='word_1_27' title='bbox 1141 474 1210 516; x_wconf 94' lang='lat' dir='ltr'>mo·</span> 
     </span>
     <span class='ocr_line' id='line_1_5' title="bbox 196 540 1210 626; baseline -0.004 -18"><span class='ocrx_word' id='word_1_28' title='bbox 196 545 246 609; x_wconf 91' lang='lat' dir='ltr'>dis</span> <span class='ocrx_word' id='word_1_29' title='bbox 278 546 388 610; x_wconf 89' lang='lat' dir='ltr'>censet</span> <span class='ocrx_word' id='word_1_30' title='bbox 373 543 552 607; x_wconf 89' lang='lat' dir='ltr'>tdeorum</span> <span class='ocrx_word' id='word_1_31' title='bbox 584 542 721 626; x_wconf 92' lang='lat' dir='ltr'>adpulsu</span> <span class='ocrx_word' id='word_1_32' title='bbox 753 542 901 607; x_wconf 92' lang='lat' dir='ltr'>homines</span> <span class='ocrx_word' id='word_1_33' title='bbox 929 540 1105 624; x_wconf 86' lang='lat' dir='ltr'>somniare,</span> <span class='ocrx_word' id='word_1_34' title='bbox 1134 562 1210 623; x_wconf 90' lang='lat' dir='ltr'>uno,</span> 
     </span>
     <span class='ocr_line' id='line_1_6' title="bbox 196 628 1250 717; baseline -0.008 -20"><span class='ocrx_word' id='word_1_35' title='bbox 196 633 283 717; x_wconf 94' lang='lat' dir='ltr'>quod</span> <span class='ocrx_word' id='word_1_36' title='bbox 319 631 489 717; x_wconf 87' lang='lat' dir='ltr'>provideat</span> <span class='ocrx_word' id='word_1_37' title='bbox 525 630 652 696; x_wconf 88' lang='lat' dir='ltr'>animus</span> <span class='ocrx_word' id='word_1_38' title='bbox 684 630 754 714; x_wconf 92' lang='lat' dir='ltr'>ipse</span> <span class='ocrx_word' id='word_1_39' title='bbox 786 652 844 716; x_wconf 89' lang='lat' dir='ltr'>per</span> <span class='ocrx_word' id='word_1_40' title='bbox 876 651 960 713; x_wconf 91' lang='lat' dir='ltr'>sese,</span> <span class='ocrx_word' id='word_1_41' title='bbox 997 629 1117 714; x_wconf 91' lang='lat' dir='ltr'>quippe</span> <span class='ocrx_word' id='word_1_42' title='bbox 1153 628 1211 712; x_wconf 92' lang='lat' dir='ltr'>qui</span> <span class='ocrx_word' id='word_1_43' title='bbox 1238 649 1250 688; x_wconf 81' lang='grc' dir='ltr'>ι</span> 
     </span>
     <span class='ocr_line' id='line_1_7' title="bbox 197 718 1210 805; baseline -0.006 -19"><span class='ocrx_word' id='word_1_44' title='bbox 197 722 330 786; x_wconf 90' lang='lat' dir='ltr'>deorum</span> <span class='ocrx_word' id='word_1_45' title='bbox 353 719 547 805; x_wconf 72' lang='lat' dir='ltr'>cognatione</span> <span class='ocrx_word' id='word_1_46' title='bbox 570 722 720 783; x_wconf 87' lang='lat' dir='ltr'>teneatur</span> <span class='ocrx_word' id='word_1_47' title='bbox 723 718 809 803; x_wconf 91' lang='lat' dir='ltr'>,tal</span> <span class='ocrx_word' id='word_1_48' title='bbox 795 722 879 801; x_wconf 88' lang='lat' dir='ltr'>tero,</span> <span class='ocrx_word' id='word_1_49' title='bbox 906 718 993 802; x_wconf 94' lang='lat' dir='ltr'>quod</span> <span class='ocrx_word' id='word_1_50' title='bbox 1014 718 1130 802; x_wconf 89' lang='lat' dir='ltr'>plenus</span> <span class='ocrx_word' id='word_1_51' title='bbox 1154 723 1210 782; x_wconf 71' lang='lat' dir='ltr'>adr</span> 
     </span>
     <span class='ocr_line' id='line_1_8' title="bbox 197 769 1210 890; baseline -0.004 -17"><span class='ocrx_word' id='word_1_52' title='bbox 197 810 241 874; x_wconf 91' lang='lat' dir='ltr'>sit</span> <span class='ocrx_word' id='word_1_53' title='bbox 267 807 492 873; x_wconf 73' lang='lat' dir='ltr'>inmortalium</span> <span class='ocrx_word' id='word_1_54' title='bbox 525 806 720 890; x_wconf 90' lang='lat' dir='ltr'>animorum,</span> <span class='ocrx_word' id='word_1_55' title='bbox 752 807 787 871; x_wconf 96' lang='lat' dir='ltr'>in</span> <span class='ocrx_word' id='word_1_56' title='bbox 819 769 934 890; x_wconf 90' lang='lat' dir='ltr'>quibus</span> <span class='ocrx_word' id='word_1_57' title='bbox 966 805 1172 889; x_wconf 90' lang='lat' dir='ltr'>tamquam</span> <span class='ocrx_word' id='word_1_58' title='bbox 1162 827 1210 869; x_wconf 89' lang='grc' dir='ltr'>ιιι-</span> 
     </span>
     <span class='ocr_line' id='line_1_9' title="bbox 197 893 1211 1050; baseline -0.004 0"><span class='ocrx_word' id='word_1_59' title='bbox 197 897 338 1050; x_wconf 60' lang='grc' dir='ltr'>ιιῗιιῗ</span> <span class='ocrx_word' id='word_1_60' title='bbox 359 896 865 1050; x_wconf 58' lang='lat' dir='ltr'>ttttlttltlttsttt</span> <span class='ocrx_word' id='word_1_61' title='bbox 889 894 1007 1048; x_wconf 59' lang='lat' dir='ltr'>tib</span> <span class='ocrx_word' id='word_1_62' title='bbox 1033 893 1211 1046; x_wconf 56' lang='lat' dir='ltr'>Istis</span> 
     </span>
     <span class='ocr_line' id='line_1_10' title="bbox 198 1005 1253 1173; baseline -0.005 -36"><span class='ocrx_word' id='word_1_63' title='bbox 198 1074 277 1157; x_wconf 84' lang='lat' dir='ltr'>dixi,</span> <span class='ocrx_word' id='word_1_64' title='bbox 304 1073 433 1138; x_wconf 89' lang='lat' dir='ltr'>facilius</span> <span class='ocrx_word' id='word_1_65' title='bbox 462 1073 570 1138; x_wconf 88' lang='lat' dir='ltr'>evenit</span> <span class='ocrx_word' id='word_1_66' title='bbox 598 1006 879 1173; x_wconf 69' lang='lat' dir='ltr'>adpropinquante</span> <span class='ocrx_word' id='word_1_67' title='bbox 902 1005 1021 1154; x_wconf 58' lang='lat' dir='ltr'>mdlrte:</span> <span class='ocrx_word' id='word_1_68' title='bbox 1048 1074 1086 1135; x_wconf 93' lang='lat' dir='ltr'>ut</span> <span class='ocrx_word' id='word_1_69' title='bbox 1109 1070 1210 1135; x_wconf 90' lang='lat' dir='ltr'>animi</span> <span class='ocrx_word' id='word_1_70' title='bbox 1225 1092 1253 1132; x_wconf 87' lang='grc' dir='ltr'>ιο</span> 
     </span>
    </p>

    <p class='ocr_par' dir='ltr' id='par_1_4' title="bbox 144 1158 1210 1333">
     <span class='ocr_line' id='line_1_11' title="bbox 144 1158 1210 1248; baseline -0.003 -23"><span class='ocrx_word' id='word_1_71' title='bbox 144 1175 178 1225; x_wconf 79' lang='grc'>65</span> <span class='ocrx_word' id='word_1_72' title='bbox 197 1162 248 1226; x_wconf 90' lang='lat' dir='ltr'>fut</span> <span class='ocrx_word' id='word_1_73' title='bbox 234 1165 309 1226; x_wconf 90' lang='lat' dir='ltr'>tura</span> <span class='ocrx_word' id='word_1_74' title='bbox 328 1165 536 1248; x_wconf 82' lang='lat' dir='ltr'>augurentur.</span> <span class='ocrx_word' id='word_1_75' title='bbox 568 1159 619 1225; x_wconf 84' lang='lat' dir='ltr'>Ex</span> <span class='ocrx_word' id='word_1_76' title='bbox 638 1182 701 1244; x_wconf 90' lang='lat' dir='ltr'>quo</span> <span class='ocrx_word' id='word_1_77' title='bbox 721 1163 754 1224; x_wconf 91' lang='lat' dir='ltr'>et</span> <span class='ocrx_word' id='word_1_78' title='bbox 739 1159 853 1224; x_wconf 89' lang='lat' dir='ltr'>tlilud</span> <span class='ocrx_word' id='word_1_79' title='bbox 871 1164 921 1224; x_wconf 88' lang='lat' dir='ltr'>est</span> <span class='ocrx_word' id='word_1_80' title='bbox 935 1158 1072 1244; x_wconf 84' lang='lat' dir='ltr'>Callani,</span> <span class='ocrx_word' id='word_1_81' title='bbox 1092 1159 1130 1222; x_wconf 93' lang='lat' dir='ltr'>de</span> <span class='ocrx_word' id='word_1_82' title='bbox 1145 1180 1210 1242; x_wconf 92' lang='lat' dir='ltr'>quo</span> 
     </span>
     <span class='ocr_line' id='line_1_12' title="bbox 199 1247 1211 1334; baseline -0.005 -19"><span class='ocrx_word' id='word_1_83' title='bbox 199 1254 274 1315; x_wconf 88' lang='lat' dir='ltr'>ante</span> <span class='ocrx_word' id='word_1_84' title='bbox 299 1250 377 1334; x_wconf 90' lang='lat' dir='ltr'>dixi,</span> <span class='ocrx_word' id='word_1_85' title='bbox 402 1253 435 1314; x_wconf 91' lang='lat' dir='ltr'>et</span> <span class='ocrx_word' id='word_1_86' title='bbox 457 1249 623 1314; x_wconf 84' lang='lat' dir='ltr'>Homerici</span> <span class='ocrx_word' id='word_1_87' title='bbox 646 1247 812 1333; x_wconf 84' lang='lat' dir='ltr'>Hectoris,</span> <span class='ocrx_word' id='word_1_88' title='bbox 835 1249 892 1333; x_wconf 93' lang='lat' dir='ltr'>qui</span> <span class='ocrx_word' id='word_1_89' title='bbox 913 1248 1054 1313; x_wconf 88' lang='lat' dir='ltr'>moriens</span> <span class='ocrx_word' id='word_1_90' title='bbox 1078 1247 1211 1332; x_wconf 93' lang='lat' dir='ltr'>propin-</span> 
     </span>
    </p>

    <p class='ocr_par' dir='ltr' id='par_1_5' title="bbox 144 1335 1272 1580">
     <span class='ocr_line' id='line_1_13' title="bbox 144 1335 1211 1423; baseline -0.007 -17"><span class='ocrx_word' id='word_1_91' title='bbox 144 1342 185 1406; x_wconf 84' lang='lat'>31</span> <span class='ocrx_word' id='word_1_92' title='bbox 199 1361 296 1423; x_wconf 91' lang='lat' dir='ltr'>quam</span> <span class='ocrx_word' id='word_1_93' title='bbox 325 1338 449 1404; x_wconf 89' lang='lat' dir='ltr'>Achilli</span> <span class='ocrx_word' id='word_1_94' title='bbox 479 1360 550 1403; x_wconf 91' lang='lat' dir='ltr'>mor</span> <span class='ocrx_word' id='word_1_95' title='bbox 552 1341 618 1401; x_wconf 94' lang='lat' dir='ltr'>tem</span> <span class='ocrx_word' id='word_1_96' title='bbox 648 1337 827 1401; x_wconf 80' lang='lat' dir='ltr'>denuntiat,</span> <span class='ocrx_word' id='word_1_97' title='bbox 872 1335 986 1421; x_wconf 93' lang='lat' dir='ltr'>Neque</span> <span class='ocrx_word' id='word_1_98' title='bbox 1014 1335 1100 1401; x_wconf 87' lang='lat' dir='ltr'>enirn</span> <span class='ocrx_word' id='word_1_99' title='bbox 1127 1336 1211 1400; x_wconf 93' lang='lat' dir='ltr'>illud</span> 
     </span>
     <span class='ocr_line' id='line_1_14' title="bbox 197 1424 1210 1509; baseline -0.004 -17"><span class='ocrx_word' id='word_1_100' title='bbox 197 1427 332 1492; x_wconf 86' lang='lat' dir='ltr'>verbum</span> <span class='ocrx_word' id='word_1_101' title='bbox 362 1430 485 1491; x_wconf 90' lang='lat' dir='ltr'>temere</span> <span class='ocrx_word' id='word_1_102' title='bbox 515 1429 648 1490; x_wconf 86' lang='lat' dir='ltr'>consuet</span> <span class='ocrx_word' id='word_1_103' title='bbox 634 1424 712 1490; x_wconf 90' lang='lat' dir='ltr'>tudo</span> <span class='ocrx_word' id='word_1_104' title='bbox 744 1425 1003 1509; x_wconf 86' lang='lat' dir='ltr'>adprobavisset,</span> <span class='ocrx_word' id='word_1_105' title='bbox 1034 1424 1062 1488; x_wconf 92' lang='lat' dir='ltr'>si</span> <span class='ocrx_word' id='word_1_106' title='bbox 1092 1445 1130 1489; x_wconf 90' lang='lat' dir='ltr'>ea</span> <span class='ocrx_word' id='word_1_107' title='bbox 1157 1446 1210 1488; x_wconf 90' lang='lat' dir='ltr'>res</span> 
     </span>
     <span class='ocr_line' id='line_1_15' title="bbox 197 1513 1272 1580; baseline -0.006 0"><span class='ocrx_word' id='word_1_108' title='bbox 197 1515 289 1580; x_wconf 90' lang='lat' dir='ltr'>nulla</span> <span class='ocrx_word' id='word_1_109' title='bbox 316 1518 402 1579; x_wconf 89' lang='lat' dir='ltr'>esset</span> <span class='ocrx_word' id='word_1_110' title='bbox 426 1513 571 1580; x_wconf 87' lang='lat' dir='ltr'>omnino:</span> <span class='ocrx_word' id='word_1_111' title='bbox 1225 1526 1272 1574; x_wconf 79' lang='grc' dir='ltr'>ιι·</span> 
     </span>
    </p>
   </div>
   <div class='ocr_carea' id='block_1_3' title="bbox 221 1634 1310 1790">
    <p class='ocr_par' dir='ltr' id='par_1_6' title="bbox 221 1634 1310 1790">
     <span class='ocr_line' id='line_1_16' title="bbox 221 1634 1310 1722; baseline -0.003 -19"><span class='ocrx_word' id='word_1_112' title='bbox 221 1637 502 1722; x_wconf 81' lang='lat' dir='ltr'>-Prae‘sagibat</span> <span class='ocrx_word' id='word_1_113' title='bbox 525 1637 673 1702; x_wconf 80' lang='lat' dir='ltr'>animus</span> <span class='ocrx_word' id='word_1_114' title='bbox 696 1637 847 1701; x_wconf 84' lang='lat' dir='ltr'>frustra</span> <span class='ocrx_word' id='word_1_115' title='bbox 870 1659 926 1701; x_wconf 91' lang='lat' dir='ltr'>me</span> <span class='ocrx_word' id='word_1_116' title='bbox 948 1634 1018 1720; x_wconf 84' lang='lat' dir='ltr'>ire,</span> <span class='ocrx_word' id='word_1_117' title='bbox 1046 1659 1126 1702; x_wconf 92' lang='lat' dir='ltr'>cum</span> <span class='ocrx_word' id='word_1_118' title='bbox 1150 1659 1211 1700; x_wconf 91' lang='lat' dir='ltr'>ex·</span> <span class='ocrx_word' id='word_1_119' title='bbox 1309 1671 1310 1676; x_wconf 42' lang='lat'>1</span> 
     </span>
     <span class='ocr_line' id='line_1_17' title="bbox 880 1725 1120 1790; baseline 0 -1"><span class='ocrx_word' id='word_1_120' title='bbox 880 1725 979 1790; x_wconf 87' lang='lat' dir='ltr'>ire&#39;m</span> <span class='ocrx_word' id='word_1_121' title='bbox 1003 1726 1120 1790; x_wconf 92' lang='lat' dir='ltr'>domo.</span> 
     </span>
    </p>
   </div>
   <div class='ocr_carea' id='block_1_4' title="bbox 145 1825 1311 2515">
    <p class='ocr_par' dir='ltr' id='par_1_7' title="bbox 198 1825 1311 2181">
     <span class='ocr_line' id='line_1_18' title="bbox 198 1825 1211 1916; baseline -0.001 -20"><span class='ocrx_word' id='word_1_122' title='bbox 198 1830 335 1916; x_wconf 82' lang='lat' dir='ltr'>Sagire</span> <span class='ocrx_word' id='word_1_123' title='bbox 363 1831 449 1896; x_wconf 91' lang='lat' dir='ltr'>enim</span> <span class='ocrx_word' id='word_1_124' title='bbox 478 1831 597 1896; x_wconf 89' lang='lat' dir='ltr'>sentire</span> <span class='ocrx_word' id='word_1_125' title='bbox 621 1835 714 1896; x_wconf 91' lang='lat' dir='ltr'>acute</span> <span class='ocrx_word' id='word_1_126' title='bbox 738 1835 801 1915; x_wconf 83' lang='lat' dir='ltr'>est3</span> <span class='ocrx_word' id='word_1_127' title='bbox 826 1825 870 1895; x_wconf 85' lang='lat' dir='ltr'>¹ex</span> <span class='ocrx_word' id='word_1_128' title='bbox 894 1853 957 1915; x_wconf 93' lang='lat' dir='ltr'>quo</span> <span class='ocrx_word' id='word_1_129' title='bbox 982 1853 1096 1916; x_wconf 87' lang='lat' dir='ltr'>sagae</span> <span class='ocrx_word' id='word_1_130' title='bbox 1119 1853 1211 1915; x_wconf 88' lang='lat' dir='ltr'>anus,</span> 
     </span>
     <span class='ocr_line' id='line_1_19' title="bbox 199 1918 1311 2004; baseline 0 -20"><span class='ocrx_word' id='word_1_131' title='bbox 199 1920 276 2004; x_wconf 91' lang='lat' dir='ltr'>quia</span> <span class='ocrx_word' id='word_1_132' title='bbox 302 1920 407 1984; x_wconf 88' lang='lat' dir='ltr'>multa</span> <span class='ocrx_word' id='word_1_133' title='bbox 436 1920 517 1984; x_wconf 86' lang='lat' dir='ltr'>scire</span> <span class='ocrx_word' id='word_1_134' title='bbox 540 1920 667 2004; x_wconf 88' lang='lat' dir='ltr'>volunt,</span> <span class='ocrx_word' id='word_1_135' title='bbox 696 1923 728 1984; x_wconf 90' lang='lat' dir='ltr'>et</span> <span class='ocrx_word' id='word_1_136' title='bbox 752 1941 910 2003; x_wconf 82' lang='lat' dir='ltr'>sagaces</span> <span class='ocrx_word' id='word_1_137' title='bbox 934 1919 1013 1983; x_wconf 92' lang='lat' dir='ltr'>dicti</span> <span class='ocrx_word' id='word_1_138' title='bbox 1035 1941 1139 1984; x_wconf 75' lang='lat' dir='ltr'>canes,</span> <span class='ocrx_word' id='word_1_139' title='bbox 1175 1918 1210 1984; x_wconf 93' lang='lat' dir='ltr'>Is</span> <span class='ocrx_word' id='word_1_140' title='bbox 1309 1940 1311 1956; x_wconf 73' lang='grc'><em>“</em></span> 
     </span>
     <span class='ocr_line' id='line_1_20' title="bbox 198 2007 1211 2094; baseline 0.001 -23"><span class='ocrx_word' id='word_1_141' title='bbox 198 2008 313 2094; x_wconf 89' lang='lat' dir='ltr'>igitur,</span> <span class='ocrx_word' id='word_1_142' title='bbox 344 2008 399 2092; x_wconf 91' lang='lat' dir='ltr'>qui</span> <span class='ocrx_word' id='word_1_143' title='bbox 428 2011 503 2072; x_wconf 88' lang='lat' dir='ltr'>ante</span> <span class='ocrx_word' id='word_1_144' title='bbox 527 2008 628 2093; x_wconf 91' lang='lat' dir='ltr'>sagit,</span> <span class='ocrx_word' id='word_1_145' title='bbox 659 2031 756 2092; x_wconf 91' lang='lat' dir='ltr'>quam</span> <span class='ocrx_word' id='word_1_146' title='bbox 780 2008 892 2072; x_wconf 90' lang='lat' dir='ltr'>oblata</span> <span class='ocrx_word' id='word_1_147' title='bbox 918 2030 970 2072; x_wconf 89' lang='lat' dir='ltr'>res</span> <span class='ocrx_word' id='word_1_148' title='bbox 999 2011 1062 2092; x_wconf 91' lang='lat' dir='ltr'>est,</span> <span class='ocrx_word' id='word_1_149' title='bbox 1092 2007 1211 2073; x_wconf 87' lang='lat' dir='ltr'>dicitur</span> 
     </span>
     <span class='ocr_line' id='line_1_21' title="bbox 198 2095 1252 2181; baseline -0.005 -21"><span class='ocrx_word' id='word_1_150' title='bbox 198 2095 395 2181; x_wconf 90' lang='lat' dir='ltr'>praesagire,</span> <span class='ocrx_word' id='word_1_151' title='bbox 418 2095 452 2159; x_wconf 93' lang='lat' dir='ltr'>id</span> <span class='ocrx_word' id='word_1_152' title='bbox 475 2099 526 2160; x_wconf 88' lang='lat' dir='ltr'>est</span> <span class='ocrx_word' id='word_1_153' title='bbox 548 2096 659 2160; x_wconf 88' lang='lat' dir='ltr'>futura</span> <span class='ocrx_word' id='word_1_154' title='bbox 683 2099 758 2160; x_wconf 88' lang='lat' dir='ltr'>ante</span> <span class='ocrx_word' id='word_1_155' title='bbox 782 2097 910 2161; x_wconf 89' lang='lat' dir='ltr'>sentire.</span> <span class='ocrx_word' id='word_1_156' title='bbox 1225 2116 1252 2156; x_wconf 80' lang='lat' dir='ltr'>ao</span> 
     </span>
    </p>

    <p class='ocr_par' dir='ltr' id='par_1_8' title="bbox 145 2183 1211 2515">
     <span class='ocr_line' id='line_1_22' title="bbox 145 2183 1211 2270; baseline 0 -23"><span class='ocrx_word' id='word_1_157' title='bbox 145 2198 180 2247; x_wconf 82' lang='lat' dir='ltr'>oo</span> <span class='ocrx_word' id='word_1_158' title='bbox 265 2183 356 2248; x_wconf 86' lang='lat' dir='ltr'>Inest</span> <span class='ocrx_word' id='word_1_159' title='bbox 383 2183 485 2270; x_wconf 89' lang='lat' dir='ltr'>igitur</span> <span class='ocrx_word' id='word_1_160' title='bbox 512 2184 547 2248; x_wconf 95' lang='lat' dir='ltr'>in</span> <span class='ocrx_word' id='word_1_161' title='bbox 575 2184 691 2249; x_wconf 92' lang='lat' dir='ltr'>animis</span> <span class='ocrx_word' id='word_1_162' title='bbox 719 2184 918 2270; x_wconf 87' lang='lat' dir='ltr'>praesagitio</span> <span class='ocrx_word' id='word_1_163' title='bbox 943 2183 1140 2249; x_wconf 89' lang='lat' dir='ltr'>extrinsecus</span> <span class='ocrx_word' id='word_1_164' title='bbox 1163 2184 1211 2248; x_wconf 91' lang='grc' dir='ltr'>ιιι-</span> 
     </span>
     <span class='ocr_line' id='line_1_23' title="bbox 198 2271 1211 2357; baseline 0.001 -20"><span class='ocrx_word' id='word_1_165' title='bbox 198 2273 283 2338; x_wconf 84' lang='lat' dir='ltr'>iacta</span> <span class='ocrx_word' id='word_1_166' title='bbox 316 2276 413 2356; x_wconf 91' lang='lat' dir='ltr'>atque</span> <span class='ocrx_word' id='word_1_167' title='bbox 444 2272 571 2337; x_wconf 91' lang='lat' dir='ltr'>inclusa</span> <span class='ocrx_word' id='word_1_168' title='bbox 603 2273 767 2337; x_wconf 84' lang='lat' dir='ltr'>divinitus.</span> <span class='ocrx_word' id='word_1_169' title='bbox 811 2271 862 2337; x_wconf 84' lang='lat' dir='ltr'>Ea</span> <span class='ocrx_word' id='word_1_170' title='bbox 892 2272 919 2337; x_wconf 92' lang='lat' dir='ltr'>si</span> <span class='ocrx_word' id='word_1_171' title='bbox 947 2272 1069 2337; x_wconf 87' lang='lat' dir='ltr'>exarsit</span> <span class='ocrx_word' id='word_1_172' title='bbox 1096 2272 1211 2357; x_wconf 86' lang='lat' dir='ltr'>aerius,</span> 
     </span>
     <span class='ocr_line' id='line_1_24' title="bbox 198 2360 1211 2445; baseline 0 -19"><span class='ocrx_word' id='word_1_173' title='bbox 198 2361 307 2426; x_wconf 89' lang='lat' dir='ltr'>furor</span> <span class='ocrx_word' id='word_1_174' title='bbox 335 2360 533 2445; x_wconf 90' lang='lat' dir='ltr'>appellatur,</span> <span class='ocrx_word' id='word_1_175' title='bbox 561 2383 634 2425; x_wconf 93' lang='lat' dir='ltr'>cum</span> <span class='ocrx_word' id='word_1_176' title='bbox 662 2383 681 2425; x_wconf 87' lang='lat' dir='ltr'>a</span> <span class='ocrx_word' id='word_1_177' title='bbox 709 2383 843 2445; x_wconf 86' lang='lat' dir='ltr'>corpore</span> <span class='ocrx_word' id='word_1_178' title='bbox 870 2361 997 2426; x_wconf 90' lang='lat' dir='ltr'>animus</span> <span class='ocrx_word' id='word_1_179' title='bbox 1024 2361 1211 2426; x_wconf 88' lang='lat' dir='ltr'>abstractus</span> 
     </span>
     <span class='ocr_line' id='line_1_25' title="bbox 199 2449 702 2515; baseline 0 -2"><span class='ocrx_word' id='word_1_180' title='bbox 199 2449 308 2515; x_wconf 89' lang='lat' dir='ltr'>divino</span> <span class='ocrx_word' id='word_1_181' title='bbox 331 2449 490 2513; x_wconf 90' lang='lat' dir='ltr'>instinctu</span> <span class='ocrx_word' id='word_1_182' title='bbox 512 2449 702 2514; x_wconf 89' lang='lat' dir='ltr'>concitatur.</span> 
     </span>
    </p>
   </div>
   <div class='ocr_carea' id='block_1_5' title="bbox 242 2570 1253 3542">
    <p class='ocr_par' dir='ltr' id='par_1_9' title="bbox 242 2570 1253 3542">
     <span class='ocr_line' id='line_1_26' title="bbox 242 2570 1252 2658; baseline -0.007 -20"><span class='ocrx_word' id='word_1_183' title='bbox 242 2573 287 2638; x_wconf 91' lang='lat' dir='ltr'>H.</span> <span class='ocrx_word' id='word_1_184' title='bbox 311 2570 384 2638; x_wconf 82' lang='lat' dir='ltr'>Se‘d</span> <span class='ocrx_word' id='word_1_185' title='bbox 410 2572 502 2656; x_wconf 89' lang='lat' dir='ltr'>quid</span> <span class='ocrx_word' id='word_1_186' title='bbox 529 2572 653 2637; x_wconf 91' lang='lat' dir='ltr'>oculis</span> <span class='ocrx_word' id='word_1_187' title='bbox 679 2572 815 2637; x_wconf 76' lang='lat' dir='ltr'>nabere</span> <span class='ocrx_word' id='word_1_188' title='bbox 837 2572 921 2637; x_wconf 89' lang='lat' dir='ltr'>visa</span> <span class='ocrx_word' id='word_1_189' title='bbox 940 2594 979 2637; x_wconf 90' lang='lat' dir='ltr'>es</span> <span class='ocrx_word' id='word_1_190' title='bbox 1003 2573 1211 2658; x_wconf 71' lang='lat' dir='ltr'>derepente</span> <span class='ocrx_word' id='word_1_191' title='bbox 1225 2591 1252 2632; x_wconf 76' lang='grc' dir='ltr'>ιι</span> 
     </span>
     <span class='ocr_line' id='line_1_27' title="bbox 259 2658 1120 2749; baseline 0.002 -25"><span class='ocrx_word' id='word_1_192' title='bbox 259 2733 267 2749; x_wconf 41' lang='grc' dir='ltr'><strong><em>Ι</em></strong></span> <span class='ocrx_word' id='word_1_193' title='bbox 869 2658 1120 2726; x_wconf 74' lang='lat' dir='ltr'>a&#39;rde‘ntibus‘?</span> 
     </span>
     <span class='ocr_line' id='line_1_28' title="bbox 243 2748 1212 2835; baseline 0.001 -21"><span class='ocrx_word' id='word_1_194' title='bbox 243 2749 320 2814; x_wconf 91' lang='lat' dir='ltr'>Ubi</span> <span class='ocrx_word' id='word_1_195' title='bbox 349 2749 466 2833; x_wconf 87' lang='lat' dir='ltr'>paulo</span> <span class='ocrx_word' id='word_1_196' title='bbox 498 2753 587 2813; x_wconf 91' lang='lat' dir='ltr'>ante</span> <span class='ocrx_word' id='word_1_197' title='bbox 618 2749 772 2834; x_wconf 76' lang='lat' dir='ltr'>sapiens</span> <span class='ocrx_word' id='word_1_198' title='bbox 800 2749 872 2813; x_wconf 89' lang='lat' dir='ltr'>illa</span> <span class='ocrx_word' id='word_1_199' title='bbox 899 2748 1107 2835; x_wconf 87' lang='lat' dir='ltr'>virginalis</span> <span class='ocrx_word' id='word_1_200' title='bbox 1135 2772 1212 2815; x_wconf 94' lang='lat' dir='ltr'>mo·</span> 
     </span>
     <span class='ocr_line' id='line_1_29' title="bbox 972 2838 1121 2902; baseline 0.007 -1"><span class='ocrx_word' id='word_1_201' title='bbox 972 2838 1057 2902; x_wconf 72' lang='lat' dir='ltr'>dest</span> <span class='ocrx_word' id='word_1_202' title='bbox 1062 2838 1121 2902; x_wconf 79' lang='lat' dir='ltr'>ia?</span> 
     </span>
     <span class='ocr_line' id='line_1_30' title="bbox 243 2924 1212 3010; baseline -0.001 -19"><span class='ocrx_word' id='word_1_203' title='bbox 243 2924 277 2991; x_wconf 83' lang='grc'>0.</span> <span class='ocrx_word' id='word_1_204' title='bbox 306 2924 386 2990; x_wconf 90' lang='lat' dir='ltr'>Mat</span> <span class='ocrx_word' id='word_1_205' title='bbox 372 2928 445 3009; x_wconf 87' lang='lat' dir='ltr'>ter,</span> <span class='ocrx_word' id='word_1_206' title='bbox 477 2926 722 3010; x_wconf 90' lang='lat' dir='ltr'>optumarum</span> <span class='ocrx_word' id='word_1_207' title='bbox 752 2926 848 2989; x_wconf 90' lang='lat' dir='ltr'>mult</span> <span class='ocrx_word' id='word_1_208' title='bbox 834 2929 873 2991; x_wconf 90' lang='lat' dir='ltr'>to</span> <span class='ocrx_word' id='word_1_209' title='bbox 904 2926 1044 2990; x_wconf 78' lang='lat' dir='ltr'>mulier</span> <span class='ocrx_word' id='word_1_210' title='bbox 1072 2926 1212 2992; x_wconf 89' lang='lat' dir='ltr'>melior</span> 
     </span>
     <span class='ocr_line' id='line_1_31' title="bbox 904 3005 1122 3098; baseline 0 -20"><span class='ocrx_word' id='word_1_211' title='bbox 904 3005 1122 3098; x_wconf 76' lang='lat' dir='ltr'>muilierum,</span> 
     </span>
     <span class='ocr_line' id='line_1_32' title="bbox 244 3065 1160 3188; baseline 0.004 -24"><span class='ocrx_word' id='word_1_212' title='bbox 244 3097 365 3164; x_wconf 83' lang='lat' dir='ltr'>Missa</span> <span class='ocrx_word' id='word_1_213' title='bbox 388 3122 468 3165; x_wconf 92' lang='lat' dir='ltr'>sum</span> <span class='ocrx_word' id='word_1_214' title='bbox 493 3101 788 3185; x_wconf 72' lang='lat' dir='ltr'>superstitiosis</span> <span class='ocrx_word' id='word_1_215' title='bbox 811 3065 1160 3188; x_wconf 74' lang='lat' dir='ltr'>hariolationibds3</span> 
     </span>
     <span class='ocr_line' id='line_1_33' title="bbox 244 3152 1213 3274; baseline 0.004 -22"><span class='ocrx_word' id='word_1_216' title='bbox 244 3187 414 3272; x_wconf 84' lang='lat' dir='ltr'>Namque</span> <span class='ocrx_word' id='word_1_217' title='bbox 447 3189 590 3274; x_wconf 84' lang='lat' dir='ltr'>Apollo</span> <span class='ocrx_word' id='word_1_218' title='bbox 622 3189 717 3255; x_wconf 84' lang='lat' dir='ltr'>fatis</span> <span class='ocrx_word' id='word_1_219' title='bbox 748 3189 878 3255; x_wconf 85' lang='lat' dir='ltr'>fandis</span> <span class='ocrx_word' id='word_1_220' title='bbox 911 3191 1063 3256; x_wconf 73' lang='lat' dir='ltr'>dement</span> <span class='ocrx_word' id='word_1_221' title='bbox 1049 3195 1124 3256; x_wconf 89' lang='lat' dir='ltr'>tem</span> <span class='ocrx_word' id='word_1_222' title='bbox 1152 3152 1213 3256; x_wconf 85' lang='lat' dir='ltr'>in-</span> 
     </span>
     <span class='ocr_line' id='line_1_34' title="bbox 893 3278 1122 3344; baseline 0 -1"><span class='ocrx_word' id='word_1_223' title='bbox 893 3278 1014 3344; x_wconf 80' lang='lat' dir='ltr'>vitam</span> <span class='ocrx_word' id='word_1_224' title='bbox 1037 3279 1122 3344; x_wconf 91' lang='lat' dir='ltr'>ciet</span> 
     </span>
     <span class='ocr_line' id='line_1_35' title="bbox 243 3361 1253 3452; baseline 0.006 -24"><span class='ocrx_word' id='word_1_225' title='bbox 243 3361 429 3450; x_wconf 86' lang='lat' dir='ltr'>Virgines</span> <span class='ocrx_word' id='word_1_226' title='bbox 457 3367 592 3431; x_wconf 80' lang='lat' dir='ltr'>vereor</span> <span class='ocrx_word' id='word_1_227' title='bbox 621 3367 811 3450; x_wconf 88' lang='lat' dir='ltr'>aequalis,</span> <span class='ocrx_word' id='word_1_228' title='bbox 839 3368 964 3452; x_wconf 92' lang='lat' dir='ltr'>patris</span> <span class='ocrx_word' id='word_1_229' title='bbox 993 3368 1066 3432; x_wconf 93' lang='lat' dir='ltr'>mei</span> <span class='ocrx_word' id='word_1_230' title='bbox 1089 3385 1253 3434; x_wconf 69' lang='lat' dir='ltr'>mcumw</span> 
     </span>
     <span class='ocr_line' id='line_1_36' title="bbox 821 3455 1123 3542; baseline 0.004 -23"><span class='ocrx_word' id='word_1_231' title='bbox 821 3455 968 3521; x_wconf 78' lang='lat' dir='ltr'>factdm</span> <span class='ocrx_word' id='word_1_232' title='bbox 991 3455 1123 3542; x_wconf 88' lang='lat' dir='ltr'>pudet,</span> 
     </span>
    </p>
   </div>
   <div class='ocr_carea' id='block_1_6' title="bbox 0 0 1325 3890">
    <p class='ocr_par' dir='ltr' id='par_1_10' title="bbox 0 0 1325 3890">
     <span class='ocr_line' id='line_1_37' title="bbox 0 0 1325 3890; baseline 0 0"><span class='ocrx_word' id='word_1_233' title='bbox 0 0 1325 3890; x_wconf 95' lang='lat' dir='ltr'> </span> 
     </span>
    </p>
   </div>
  </div>
 </body>
</html>
