2630 3890
364 174 433 229 LIB.
452 175 473 231 I.
498 175 574 234 OAP.
594 182 707 233 17-19.
730 183 746 242 5
764 183 878 233 33—38.
1060 179 1123 244 159

102 321 266 408 mugitus,
285 342 381 404 saepe
395 323 504 386 motus
518 320 624 386 multa
638 323 770 386 nostrae
783 321 832 386 rei
845 322 1004 408 publicae,
1018 325 1124 390 multa

103 411 226 476 ceteris
250 409 438 474 civitatibus
462 408 577 496 gravia
599 412 633 474 et
654 413 732 475 vera
753 410 981 495 praedixerint.
1017 411 1122 488 Quid?
1140 431 1176 480 ae

105 498 165 584 qui
187 497 357 580 inridetur,
379 500 494 582 partus
516 497 570 563 hic
593 497 701 563 mulae
723 519 839 583 nonne,
864 500 940 583 quia
961 500 1047 566 fetus
1071 524 1122 567 ex·

103 586 179 652 titit
202 587 238 650 in
261 585 436 650 sterilitate
458 589 604 670 naturae,
626 586 811 670 praedictus
836 592 888 652 est
909 590 951 654 ab
974 589 1123 676 haruspi-

7 723 8 762 ,
77 675 201 740 acibus
228 673 429 740 incredibilis
456 677 570 759 partus
598 674 783 740 malorum?
819 673 926 752 Quid?
954 675 1001 742 Ti.
1025 677 1123 743 Grac-

7 785 8 810 *
106 765 190 830 chus
212 762 248 827 P.
271 761 316 847 F,
342 761 471 846 quibis
495 763 608 828 consul
631 767 665 828 et
687 785 800 828 censor
822 763 894 849 fuit,
915 763 1066 850 idemque
1089 770 1123 832 et

107 873 256 917 summus
277 872 381 936 augur
395 854 429 915 et
441 850 493 916 vir
507 851 636 935 sapiens
651 850 794 935 civisque
806 855 989 939 praestans,
1005 875 1122 939 nonne,

105 944 146 1006 ut
169 938 204 1006 O.
229 937 408 1023 Gracchus,
430 938 519 1004 filius
542 939 624 1024 eius,
647 939 805 1024 scriptum
827 941 973 1025 reliquit,
996 941 1121 1008 duobus

107 1027 273 1115 anguibus
288 1027 376 1093 domi
390 1027 620 1112 conprehensis
633 1027 822 1112 haruspices
836 1030 1048 1095 convocavit?
1066 1031 1123 1115 qui

66 1137 93 1177 ro
107 1140 183 1183 cum
213 1115 474 1201 respondissent,
501 1115 530 1180 si
557 1137 680 1180 marem
708 1116 883 1201 emisisset,
910 1118 1004 1184 uxori
1030 1119 1123 1184 brevi

106 1210 258 1290 tempore
286 1225 356 1269 esse
384 1202 600 1289 moriendum,
632 1204 661 1269 si
686 1203 855 1290 feminam,
882 1204 960 1291 ipsi,
988 1207 1122 1290 aequius

108 1315 181 1359 esse
210 1292 335 1358 censuit
363 1313 397 1356 se
425 1294 588 1357 maturam
616 1295 770 1377 oppetere
798 1296 939 1358 mortem
966 1316 1064 1378 quam
1085 1294 1121 1360 P.

109 1381 260 1447 Africani
289 1381 393 1445 filiam
426 1380 677 1465 adulescentem,
709 1379 864 1446 feminam
897 1382 1020 1467 emisit,
1051 1383 1122 1470 ipse

107 1470 222 1556 paucis
245 1472 322 1554 post
344 1468 457 1533 diebus
481 1471 531 1533 est
553 1471 711 1534 mortuus.
749 1466 950 1535 Inrideamus
973 1471 1122 1556 haruspi·
1134 1478 1175 1542 19

68 1577 95 1620 15
110 1580 177 1643 ces,
200 1578 317 1641 vanos,
338 1556 466 1622 futtiles
490 1578 560 1622 esse
583 1557 736 1641 dicamus,
759 1579 959 1642 quorumque
983 1559 1123 1644 discipli-

108 1669 187 1712 nam
216 1649 248 1710 et
275 1644 535 1730 sapientissimus
562 1645 614 1710 vir
641 1649 674 1710 et
697 1649 830 1711 eventus
853 1668 891 1712 ac
913 1668 965 1712 res
989 1669 1122 1733 conpro-

109 1735 212 1820 bavit,
231 1737 486 1818 contemnamus,
503 1735 734 1799 wademnemus
752 1733 850 1799 etiam
866 1731 1070 1820 Babylonem
1089 1740 1122 1801 et

111 1845 181 1907 eos,
210 1822 265 1906 qui
293 1844 311 1888 e
334 1819 479 1888 Caucaso
507 1821 589 1887 caeli
615 1821 710 1908 signa
733 1825 900 1888 servantes
922 1825 1065 1889 numeris
1089 1829 1123 1890 et
1203 1866 1207 1874 ·

7 1977 9 1996 ,
110 1911 216 1978 modis
247 1910 418 1976 stellarum
445 1932 558 1976 cursus
584 1913 834 1995 persequuntur,
865 1912 1122 1999 condemnemus,

70 2020 97 2060 20
111 2002 259 2084 inquam,
281 2000 341 2064 hos
365 2002 423 2084 aut
446 1999 607 2063 stultitiae
631 2001 689 2063 aut
710 1998 866 2064 vanitatis
890 2003 947 2065 aut
968 2001 1122 2086 inpuden-

111 2089 185 2173 tiae,
209 2087 265 2172 qui
289 2087 527 2174 quadringenta
549 2087 759 2174 septuaginta
781 2088 872 2152 milia
895 2111 1062 2174 annorum,
1084 2093 1122 2154 ut

111 2177 176 2263 ipsi
212 2176 337 2261 dicunt,
373 2176 591 2241 monumentis
623 2175 844 2260 conprehensa
876 2178 1056 2262 continent,
1089 2181 1122 2242 et

112 2265 244 2331 mentiri
261 2263 439 2330 iudicemus
456 2285 524 2349 nec,
539 2264 742 2330 saeculorum
754 2263 954 2349 reliquorum
968 2266 1121 2332 iudicium

114 2353 200 2438 quod
219 2353 257 2418 de
275 2353 356 2437 ipsis
374 2352 521 2417 futurum
539 2353 592 2437 sit,
614 2352 851 2438 pertimescere.
888 2353 970 2439 Age,
988 2354 1122 2419 barbari
1141 2369 1174 2418 37

73 2459 99 2500 2⁵
112 2442 190 2508 vani
222 2444 320 2526 atque
351 2440 499 2525 fallaces3
534 2463 613 2505 num
645 2440 745 2505 etiam
777 2439 951 2507 Graiorum
982 2441 1122 2507 historia

115 2530 254 2596 mentita
277 2529 349 2594 est?
382 2527 471 2604 Quae
493 2526 615 2595 Oroeso
632 2528 770 2613 Pythius
793 2528 924 2615 Apollo,
946 2532 983 2596 ut
1006 2530 1045 2594 de
1066 2551 1122 2594 na·
1211 2556 1214 2562 ·

114 2618 214 2684 turali
246 2616 444 2682 divinatione
477 2617 595 2702 dicam,
627 2638 709 2700 quae
738 2616 1007 2701 Atheniensibus,
1039 2638 1121 2701 quae

113 2705 386 2790 Lacedaemoniis,
410 2727 491 2790 quae
509 2704 671 2791 Tegeatis,
695 2727 777 2789 quae
795 2705 938 2791 Argivis,
961 2727 1043 2790 quae
1062 2703 1122 2772 Oo-

114 2794 245 2860 rinthiis
272 2794 489 2879 responderit,
518 2793 589 2878 quis
617 2793 771 2880 ignorat?
810 2790 953 2878 Collegit
978 2795 1122 2858 innume-

75 2901 100 2941 80
114 2883 231 2948 rabilia
260 2883 392 2949 oracula
415 2880 616 2967 Chrysippus
643 2903 703 2946 nec
729 2880 835 2945 ullum
862 2881 931 2947 sine
959 2881 1122 2968 locuplete

115 2974 245 3037 auctore
269 2974 366 3055 atque
388 2973 485 3055 teste3
514 2992 610 3054 quae,
633 2970 711 3054 quia
732 2971 812 3048 nota
834 2969 896 3033 tibi
920 2973 1004 3054 sunt,
1027 2969 1123 3036 relin-

115 3082 192 3144 quo,
229 3058 364 3124 defendo
401 3080 501 3122 unum
534 3059 609 3124 hoc:
644 3055 832 3141 Numquam
863 3057 946 3122 illud
978 3058 1123 3123 oraclum

114 3146 251 3232 Delphis
265 3149 335 3212 tam
349 3147 474 3212 celebre
492 3149 526 3210 et
543 3149 613 3211 tam
631 3145 755 3210 clarum
771 3145 888 3210 fuisset
901 3139 1122 3230 neque'tantis

116 3235 207 3302 donis
230 3235 388 3300 refertum
411 3233 555 3299 omnium
577 3233 774 3320 populorum
797 3236 893 3317 atque
913 3255 1036 3319 regum,
1058 3234 1123 3299 nisi

76 3339 102 3381 ³⁵
116 3323 220 3388 omnis
240 3327 330 3390 aetas
350 3321 533 3388 oraclorum
546 3322 679 3388 illorum
692 3322 866 3387 veritatem
880 3325 966 3387 esset
981 3327 1122 3409 experta.

115 3409 205 3476 Idem
231 3411 299 3476 iam
326 3410 381 3474 diu
407 3431 475 3475 non
500 3409 588 3475 facit.
632 3407 680 3474 Ut
706 3409 808 3496 igitur
834 3431 919 3475 nunc
941 3412 976 3475 ia
998 3411 1123 3476 minore
1141 3422 1175 3471 38

117 3499 223 3586 gloria
246 3503 305 3584 est,
329 3498 405 3582 quia
427 3497 534 3562 minus
554 3497 758 3563 oraculorum
775 3498 896 3564 veritas
916 3498 1053 3584 excellit,
1077 3499 1124 3564 sic
