2610 3894
375 110 444 165 ΜΒ.
461 111 484 168 1.
509 110 584 166 cnP.
604 75 699 169 s-1r.
723 118 738 178 s
758 118 870 168 14-18.
1065 114 1126 178 151

117 254 280 319 rationem
307 277 405 339 quam
430 255 586 339 habeant,
612 256 783 321 nonsatis
807 257 982 341 perspici03
1004 257 1072 322 vim
1095 261 1128 322 et

117 346 271 407 eventum
294 363 450 428 agnosce,
478 343 559 427 scio,
582 343 736 428 adprobo.
782 342 951 429 Similiter,
976 346 1054 430 quid
1075 346 1129 410 fis-

118 453 205 495 sum·
222 430 258 494 in
280 431 377 513 extis,
408 431 486 515 quid
507 432 591 497 fibra
614 433 735 516 valeat,
763 433 899 518 accipio,
926 454 1008 517 quae
1030 456 1129 499 causa

118 519 172 603 sit,
190 517 309 584 nescio.
345 519 455 603 Atque
473 519 590 584 horum
610 520 740 605 quidem
757 521 855 606 plena
872 521 941 586 vita
958 525 1021 605 est3
1044 521 1127 587 extis

91 607 206 672 renim
230 628 341 672 omnes
363 606 431 672 fere
454 610 598 672 utuntur.
639 606 744 683 Quid?
768 609 806 674 de
827 608 995 695 fulgurum
1017 609 1051 674 vi
1073 611 1129 675 du·

117 696 226 760 bitare
247 716 326 760 num
349 697 545 781 possumus?
581 695 698 762 Nonne
721 719 794 762 cum
817 699 922 763 multa
944 698 1010 763 alia
1032 698 1128 763 mira

115 783 207 867 bilia,
230 786 302 848 tum
324 783 406 848 illud
423 783 458 848 in
475 784 603 869 primisz
626 783 709 851 Cum
723 784 917 850 Summanus
940 786 975 851 in
991 786 1127 872 fastigio

116 871 206 937 Iovis
235 871 361 957 optumi
387 873 544 956 maxumi,
572 873 628 957 qui
654 876 726 938 tum
753 877 825 938 erat
846 874 970 959 fictilis,
997 897 1014 939 e
1037 875 1127 940 caelo

115 961 202 1026 ictus
226 964 393 1025 essetnec
414 981 552 1045 usquam
576 961 643 1026 eius
667 961 833 1027 simulacri
855 965 953 1047 caput
970 963 1128 1028 invenire·

77 1067 103 1106 ro
117 1052 182 1133 tur,
205 1047 394 1132 haruspices
417 1047 452 1113 in
470 1048 615 1114 Tiberim
637 1049 670 1113 id
693 1050 863 1134 depulsum
882 1072 951 1115 esse
970 1051 1127 1136 dixerunt,

115 1136 215 1221 idque
227 1136 396 1201 inventum
414 1139 464 1202 est
483 1157 520 1202 eo
540 1137 621 1222 loco,
640 1137 696 1221 qui
714 1141 765 1203 est
779 1139 820 1203 ab
834 1138 1062 1224 haruspicibus
1077 1140 1128 1204 de·

116 1227 329 1290 monstratus.
361 1222 425 1290 Sed
443 1245 507 1308 quo
524 1225 634 1310 potius
653 1230 728 1290 utar
746 1229 804 1291 aut
822 1230 954 1292 auctore
973 1231 1030 1292 aut
1043 1231 1128 1292 teste

118 1335 218 1397 quam
240 1314 295 1379 te?
319 1313 410 1378 cuius
434 1313 549 1378 edidici
573 1314 672 1379 etiam
693 1336 816 1397 versuS,
840 1318 873 1379 et
891 1314 1042 1380 lubenter
1060 1316 1128 1400 qui-

117 1403 211 1502 dem,
225 1422 306 1486 quos
329 1401 365 1466 in
388 1401 525 1467 secundo
548 1403 585 1467 de
607 1403 779 1468 consulatu
797 1401 921 1468 Urania
938 1403 1033 1468 Musa
1054 1426 1128 1490 pro-

77 1493 362 1663 1511111illdiadrbipio
391 1577 566 1643 aetherio
593 1578 819 1644 flammatus
842 1577 1022 1664 Iuppiter
1044 1580 1128 1666 igni

162 1665 343 1730 Vertitur
361 1669 398 1730 et
416 1670 543 1732 totum
557 1667 778 1732 conlustrat
792 1667 935 1731 lumine
949 1667 1128 1733 mundum

163 1753 366 1838 Menteque
395 1754 525 1819 divina
553 1756 700 1821 caelum
722 1758 925 1840 terrasque
947 1758 1128 1842 petessit,

163 1841 265 1923 Quae
292 1842 451 1927 penitus
479 1864 615 1908 sensus
642 1843 838 1909 hominum
865 1843 1045 1927 vitasque
1071 1867 1128 1910 re·

163 2018 349 2084 Aetheris
387 1992 539 2083 aeterni
572 2024 709 2104 saepta
741 2023 856 2105 atque
887 1935 1040 2085 ildlddd
1069 2043 1129 2087 ca·

114 2213 116 2216 ·
163 2195 225 2280 Et,
249 2195 283 2260 si
305 2195 512 2260 stellarum
534 2199 662 2260 motus
685 2129 1101 2281 cursusquevvedlgldlitis

164 2282 289 2349 Nosse
312 2282 427 2367 velis,
455 2304 552 2367 quae
575 2284 654 2348 sint
678 2284 877 2370 signorum
899 2284 1050 2355 insede
1072 2285 1128 2351 lo-

164 2457 266 2535 Quae
298 2459 417 2525 verbo
449 2462 487 2524 et
512 2458 628 2524 falsis
656 2459 859 2525 Graiorum
885 2375 1045 2525 vddlddi
1073 2482 1128 2526 er-

164 2636 216 2701 Re
238 2657 330 2701 vera
351 2639 458 2703 certo
481 2636 595 2720 lapsu
618 2637 824 2720 spatioque
846 2551 1039 2718 ferubddd:

164 2722 299 2789 Omnia
322 2725 397 2789 iam
419 2745 552 2790 cernes
576 2723 707 2789 divina
729 2727 854 2788 mente
876 2725 1021 2788 notata.

163 2810 258 2877 Nam
288 2811 452 2897 primum
481 2814 678 2877 astrorum
704 2811 877 2877 volucris
904 2815 942 2875 te
970 2810 1127 2876 consule
1148 2823 1180 2873 18

163 2988 458 3074 Concursusque
491 2988 625 3074 gravis
658 2989 866 3052 stellarum
896 2901 1039 3052 abddlles
1061 2987 1129 3052 mi·

163 3165 217 3231 Tu
247 3187 412 3251 quoque,
442 3187 524 3230 cum
553 3164 724 3230 tumulos
751 3078 1128 3265 Albanoqurtqlsonte

162 3340 363 3408 Lustrasti
386 3343 424 3405 et
446 3339 553 3405 laeto
576 3341 762 3406 mactasti
783 3253 1083 3426 lactenlllsdildsas,
1133 3387 1135 3392 -

80 3445 106 3488 ω
161 3429 313 3496 Vidisti
336 3432 374 3494 et
397 3429 503 3495 claro
526 3428 716 3494 tremulos
740 3427 876 3494 ardore
899 3432 1084 3513 cometas,

1139 1191 1180 1318 e
