2590 3880
209 187 274 250 448
607 185 656 240 DE
673 185 827 241 LEGIBUS

208 329 332 397 Deinde
360 331 398 396 de
423 330 698 418 promulgatione,
725 329 764 395 de
786 331 924 417 singulis
947 332 1043 397 rebus
1066 331 1211 418 agendis,

209 419 248 486 ds
270 418 407 505 privatis
430 419 717 505 magistratibusve
740 419 914 485 audiendis,

156 522 191 572 44
274 507 358 572 Tum
389 507 478 594 leges
510 506 785 592 praeclarissimae
818 507 856 573 de
888 507 1055 574 duodecim
1085 508 1210 573 tabulis

208 596 388 662 translatae
406 595 496 680 duae,
519 616 654 679 quarum
673 595 776 660 altera
793 595 966 683 privilegia
983 596 1082 680 tollit,
1104 597 1210 662 altera

209 685 248 750 de
263 684 369 769 capite
382 683 461 750 civis
480 683 591 770 rogari
605 683 669 748 nisi
689 683 828 749 maximo
847 684 1016 752 comitiatu
1034 688 1133 750 vetat.
1165 684 1235 749 Ets

207 773 350 839 nondum
366 772 507 837 inventis
527 770 688 836 seditiosis
706 771 845 838 tribunis
863 772 978 857 plebis,
995 795 1036 838 ne
1055 773 1209 860 cogitatis

206 861 346 946 quidem,
363 859 585 926 admirandum
602 863 730 925 tantum
748 860 886 926 maiores
905 860 939 924 in
956 864 1123 946 posterum
1137 885 1209 947 pro-

207 949 333 1014 vidisse.
368 948 408 1013 In
429 948 574 1033 privatos
597 947 744 1014 homines
762 948 792 1013 le
817 970 851 1014 es
869 948 948 1014 ferri
965 949 1153 1032 uoluerunt3
1176 950 1209 1014 id

206 1042 258 1102 est
285 1037 370 1102 enim
397 1036 617 1122 privilegium
646 1058 710 1120 quo
738 969 887 1121 quidest
908 1036 1081 1102 iniustius?
1109 1059 1208 1121 quom

207 1126 290 1213 legis
303 1126 384 1190 haec
397 1124 445 1190 vis
464 1123 520 1188 sit:
539 1124 656 1190 scitum
675 1129 707 1189 et
724 1124 848 1190 iussum
865 1125 901 1188 in
914 1125 1028 1190 omnis.
1058 1124 1152 1191 Ferri
1169 1127 1208 1191 de
1222 1145 1246 1185 rc

205 1213 344 1300 singulis
366 1213 430 1277 nisi
452 1213 640 1277 centuriatis
663 1213 802 1278 comitiis
824 1213 1011 1296 noluerunt3
1034 1213 1207 1299 discriptus

208 1302 292 1367 enim
314 1301 453 1386 populus
477 1322 582 1384 censu,
605 1300 780 1384 ordinibus,
803 1301 964 1366 aetatibus
982 1301 1056 1386 plus
1074 1302 1208 1368 adhibet

207 1390 249 1457 ad
270 1389 460 1475 suffragium
477 1389 604 1454 consilii
622 1395 726 1474 quam'
738 1389 808 1454 fuse
826 1389 862 1454 in
879 1389 984 1454 tribus
1003 1395 1207 1457 convocatus.

154 1493 189 1543 ec
208 1478 277 1554 Quo
300 1477 406 1543 verius
429 1478 463 1540 in
485 1499 582 1542 carisa
601 1481 714 1542 nostra
731 1477 782 1542 vir
800 1477 911 1564 magni
928 1477 1050 1564 ingenii
1069 1499 1207 1544 summa-

207 1589 268 1652 que
289 1565 474 1653 prudentia,
495 1564 531 1630 L.
554 1563 666 1650 Cotta,
688 1564 815 1630 dicebat
837 1566 921 1630 nihil
943 1566 1074 1631 omnino
1098 1572 1207 1632 actum
1221 1583 1244 1624 1⁵

207 1677 277 1721 esse
304 1655 343 1719 de
370 1653 478 1737 nobis3
504 1658 633 1738 praeter
659 1652 744 1718 enim
767 1676 864 1738 quam
887 1655 972 1738 quod
995 1655 1128 1720 comitia
1150 1655 1207 1721 illa

207 1746 314 1809 essent
336 1741 435 1806 armis
458 1746 551 1828 gesta
574 1742 754 1824 servilibus,
776 1746 944 1827 praeterea
961 1764 1063 1827 neque
1081 1743 1207 1808 tributa

207 1831 322 1916 capitis
350 1831 481 1896 comitia
507 1833 579 1895 rata
606 1851 675 1894 esse
697 1851 792 1914 posse
815 1852 917 1915 neque
939 1831 1008 1895 ulla
1030 1831 1206 1917 privilegiu
1272 1901 1273 1909 χ

206 1918 357 2004 quocirca
382 1918 464 1982 nihil
490 1918 585 1983 nobis
613 1939 693 2003 opus
717 1939 786 1983 esse
809 1918 894 2005 lege,
922 1918 961 1982 de
983 1919 1100 2003 quibus
1124 1920 1206 1984 nihil

207 2007 336 2073 omnino
360 2009 467 2071 actum
490 2009 576 2071 esset
598 2005 734 2092 legibus,
771 2004 833 2072 Sed
855 2007 960 2072 visum
983 2011 1033 2071 est
1056 2011 1090 2071 et
1112 2008 1205 2074 vobis
1219 2025 1243 2064 νο

208 2099 241 2161 et
267 2093 456 2161 clarissimis
484 2093 563 2159 viris
590 2095 717 2178 melius,
745 2095 783 2159 de
811 2116 874 2180 quo
898 2094 984 2160 servi
1006 2098 1039 2159 et
1062 2095 1205 2161 latrones

207 2184 339 2250 scivisse
369 2203 401 2248 se
429 2182 550 2267 aliquid
577 2181 732 2264 dicerent,
764 2183 803 2247 de
829 2181 891 2248 hoc
918 2182 1031 2247 eodem
1057 2187 1206 2250 cunctam

206 2272 347 2355 ltaliam,
369 2269 446 2355 quid
468 2270 612 2351 sentiret,
635 2271 811 2336 ostendere.

154 2349 198 2413 20
272 2358 424 2444 Sequitur
447 2358 485 2423 de
508 2358 611 2444 captis
634 2359 776 2444 pecuniis
800 2361 832 2424 et
856 2359 894 2424 de
917 2359 1051 2425 ambitu
1090 2358 1206 2446 Leges·

154 2427 188 2476 ⁴⁶
206 2446 904 2621 usuri.uctssiiauuuu

207 2624 341 2710 quisque
362 2622 537 2708 plectatur,
559 2622 609 2687 vis
632 2623 750 2707 eapite,
773 2585 918 2688 avaritia,
933 2623 1050 2706 multa,
1072 2624 1204 2690 honoris

205 2711 365 2797 cupiditas
391 2710 570 2796 ignominia
597 2711 767 2776 sanciatur.
812 2710 985 2776 Extremae
1012 2712 1101 2798 leges
1130 2716 1204 2777 sunt
1268 2709 1269 2771 l

205 2799 300 2866 nobis
326 2820 393 2864 non
418 2798 573 2882 usitatae,
602 2797 650 2863 rei
676 2799 806 2884 publica
827 2800 1036 2864 necessariae.
1080 2799 1203 2887 Legum

204 2887 384 2954 custodiam
415 2888 540 2952 nullam
570 2886 740 2970 habemus3
771 2887 880 2972 itaque
912 2909 968 2952 eae
999 2889 1089 2975 leges
1119 2891 1202 2973 sunt,
1215 2905 1238 2944 ω
1267 2893 1268 2987 l

207 2997 286 3061 quas
316 2974 516 3060 apparitores
546 2975 652 3040 nostri
680 2975 807 3059 uolunt3
839 2999 859 3040 a
886 2975 1028 3041 librariis
1055 2976 1203 3062 petimus,

206 3063 344 3148 publicis
367 3063 487 3128 litteris
505 3064 729 3149 consignatam
747 3063 935 3128 memoriam
953 3064 1117 3149 publicam
1135 3066 1204 3131 nul·

206 3152 273 3216 lam
294 3150 460 3216 habemus.
496 3148 611 3216 Graeci
633 3152 694 3217 hoc
717 3151 914 3236 diligentius,
938 3153 1023 3237 apud
1047 3174 1127 3237 quos
1149 3177 1203 3219 νο-

207 3235 395 3320 μοφύλακες
422 3239 628 3322 creabantur,
653 3261 713 3305 nec
734 3239 758 3304 ii
781 3239 886 3305 solum
909 3241 1036 3305 litteras
1060 3240 1150 3326 (nam
1172 3241 1203 3306 id
1255 3269 1260 3278 ·

207 3325 335 3407 quidem
361 3325 460 3389 etiarn
482 3327 567 3410 apud
590 3327 727 3392 maiores
749 3331 880 3393 nostros
903 3326 1000 3415 erat),
1027 3329 1084 3393 sed
1107 3329 1235 3394 etiams

206 3411 294 3474 facta
322 3411 489 3476 hominum
516 3414 731 3480 observabant
758 3415 799 3479 ad
826 3416 978 3502 legesque
1000 3418 1203 3483 revocabant.

156 3508 188 3554 47
207 3496 296 3561 Haec
318 3495 411 3560 detur
434 3521 510 3564 cura
532 3503 731 3586 censoribus,
757 3503 1013 3587 quandoquidem
1037 3526 1092 3570 eos
1114 3506 1151 3570 in
1171 3527 1203 3570 re
