2610 3894
344 104 412 162 LIB.
431 105 467 162 11.
487 104 563 162 cAP.
583 112 732 172 111-111
752 112 899 162 lac—136.
1088 107 1133 172 95

114 249 345 336 tellegentium
371 271 471 315 causa
489 253 618 315 tantum
640 250 817 316 laborasse.
863 248 1007 326 Quorum
1029 249 1134 336 igitur

114 359 215 404 causa
249 338 321 423 quis
353 337 472 402 dixerit
504 339 654 404 effectum
686 359 757 404 esse
788 339 966 404 mundum?
1007 337 1132 404 Eorum

114 426 242 492 scilieet
270 426 500 510 animantium,
528 448 610 512 quae
637 427 765 492 rationo
792 431 938 492 utuntur.
982 425 1028 492 Hi
1056 430 1133 492 sunt

114 514 149 580 di
173 518 207 579 et
230 514 389 598 homines,
412 514 529 599 quibus
542 515 699 667 tprofecto
721 516 806 580 nihil
825 519 875 580 est
893 515 1023 599 melius3
1045 515 1132 580 ratio

87 605 168 668 test
198 602 298 687 enim,
331 624 413 687 quae
445 607 575 688 praeste
559 603 780 670 et.omnibus
831 602 952 669 Ittafi
979 603 1132 670 credibile

114 693 252 757 deorum
276 694 309 756 et
294 691 496 756 thominum
514 713 613 757 eausa
630 691 755 758 factum
773 714 844 757 essa
862 693 1019 757 mundum
1038 713 1132 777 quae·

200 779 335 932 11
324 779 562 861 Η
582 779 1183 971 reciduaucula⁵⁴

1068 919 1077 954 7

114 955 181 1021 erit
208 959 281 1021 tota
307 955 449 1022 hominis
476 955 651 1022 fabricatio
679 961 851 1059 perspecta
879 957 1048 1042 omnisque
1075 957 1133 1026 hu·

75 1063 101 1102 10
114 1067 235 1110 manae
257 1048 394 1110 naturae
416 1045 523 1130 figura
546 1049 644 1129 atque
662 1045 796 1130 perfect
786 1069 827 1112 10.
864 1043 952 1110 Nam
970 1068 1044 1112 oum
1063 1046 1119 1128 tri-
1135 1061 1184 1110 131

115 1134 181 1198 bus
213 1133 309 1198 rebus
340 1133 557 1198 animantium
584 1134 654 1198 vita
683 1137 845 1219 teneatur,
875 1133 962 1218 cibo,
991 1134 1134 1219 potione,

115 1220 248 1307 spiritu,
271 1221 313 1286 ad
335 1221 416 1287 haec
439 1222 548 1287 omnia
566 1221 774 1307 percipienda
792 1244 828 1288 os
847 1226 898 1288 111
917 1222 1134 1308 aptissimum,

116 1311 206 1396 quod
230 1309 389 1374 adiunctis
412 1311 546 1375 naribus
570 1310 689 1394 spiritu
712 1315 858 1397 augetur.
894 1310 1057 1376 Dentibus
1081 1333 1135 1376 au·

8 1459 9 1492 ,
115 1403 188 1464 tem
214 1399 250 1463 in
278 1419 334 1464 ore
361 1398 555 1464 constructis
583 1399 747 1464 manditur
770 1403 867 1483 atqua
891 1400 946 1480 [ab
969 1399 1022 1481 iis]
1047 1403 1134 1464 exte-

8 1511 9 1546 1
75 1505 103 1546 rs
116 1490 241 1553 nuatur
263 1489 297 1551 et
319 1487 455 1552 molitur
476 1487 576 1552 cibus.
621 1486 745 1552 Eorum
769 1488 895 1552 adversi
918 1488 1005 1554 acuti
1023 1510 1134 1553 morsu

118 1574 270 1641 dividunt
297 1596 401 1660 escas,
430 1575 538 1640 intimi
566 1579 675 1640 autem
704 1576 890 1660 conficiunt,
921 1577 976 1660 qui
1000 1577 1135 1663 genuini

8 1659 9 1734 ζ
117 1667 292 1746 vocantur,
321 1684 403 1747 quae
431 1663 589 1729 confectio
618 1665 718 1729 etiam
741 1687 762 1729 a
783 1665 897 1750 lingua
920 1664 1067 1730 adiuvari
1089 1664 1134 1730 vi-

119 1752 224 1818 detur.
269 1750 430 1836 Linguam
461 1756 570 1817 autem
600 1753 641 1817 ad
663 1753 788 1818 radices
817 1752 885 1817 eius
908 1752 1047 1819 haerens
1070 1775 1121 1818 ex·
1137 1768 1187 1817 135
1284 1789 1285 1794 κ

119 1840 201 1926 cipit
225 1841 421 1926 stomachus,
445 1862 508 1925 quo
531 1841 675 1925 primum
697 1841 889 1906 inlabuntur
912 1863 959 1926 ea,
983 1863 1065 1926 quae
1085 1864 1135 1907 ac-

77 1946 105 1986 1)
119 1932 218 2014 cepta
241 1932 317 1994 sunt
341 1950 404 1994 111.
440 1927 529 1994 Isut
492 1932 630 2014 utraque
650 1951 689 1993 ex
707 1933 801 2015 parte
784 1930 1003 1995 ettcsillas
968 1931 1135 2032 attingens

118 2019 234 2103 palato
267 2020 411 2082 extremo
444 2021 541 2101 atqua
573 2018 689 2083 intimo
716 2019 919 2083 terminatur.
969 2018 1115 2104 Atque
1106 2041 1135 2084 1s

119 2106 302 2191 agitatione
326 2109 360 2170 et
382 2109 452 2171 mot
437 2107 526 2171 tibus
548 2106 680 2190 linguae
704 2128 777 2172 cum
800 2107 971 2192 depulsum
990 2111 1023 2172 e
1042 2108 1136 2193 quasi

120 2195 290 2259 detrusum
307 2192 416 2260 cibum
434 2194 568 2279 accepit,
590 2194 732 2280 depellit.
768 2194 877 2280 Ipsius
896 2199 1006 2261 autem
1023 2199 1135 2283 partes

121 2305 192 2368 eae,
226 2303 307 2367 quae
331 2286 408 2347 aunt
429 2282 515 2348 infra
538 2305 636 2367 quam
658 2283 706 2364 id,
733 2284 819 2367 quod
842 2284 976 2350 devorat
962 2288 1030 2368 tur,
1057 2285 1136 2347 dila·

77 2388 106 2428 25
120 2374 249 2455 tantur,
278 2393 361 2455 quae
391 2375 502 2435 autem
529 2393 640 2456 supra,
670 2375 745 2437 cont
731 2371 913 2437 trahuntur.
958 2370 1021 2436 Sed
1049 2385 1187 2438 11111131

121 2481 241 2545 aspera
263 2459 384 2524 arteria
407 2457 469 2545 (111
491 2459 578 2524 enim
601 2482 621 2524 a
643 2460 776 2525 medicis
795 2458 996 2546 appellatur)
1015 2461 1136 2525 ostium

120 2548 245 2614 habeat
263 2547 449 2613 adiunctum
468 2548 600 2633 linguae
617 2549 778 2614 radicibus
797 2549 896 2634 paulo
911 2570 1019 2634 supra,
1038 2570 1136 2632 quam

123 2636 165 2702 ad
187 2637 336 2738 linguam
359 2636 546 2702 stomachus
570 2636 762 2721 adnectitur,
785 2658 885 2721 eaque
906 2637 948 2701 ad
965 2637 1136 2721 pulmones

81 2727 358 2898 ,xmp
356 2728 561 2898 {tatfrid
561 2728 827 2898 iussulddddls
838 2745 998 2898 1111111
999 2725 1137 2878 titt:

123 2903 195 2986 dat,
227 2902 351 2987 tegitur
383 2902 523 2986 quodam
555 2903 648 2986 quasi
680 2903 846 2987 operculo,
879 2902 966 2985 quod
994 2901 1035 2967 ob
1064 2923 1135 2967 eam

123 3012 257 3057 causam
280 2990 394 3055 datum
417 2994 479 3074 111,
507 3013 561 3075 11,
589 2991 618 3054 11
641 2990 719 3075 quid
740 2991 777 3054 in
800 3013 872 3055 eam
895 2991 960 3056 cibi
982 2990 1066 3055 forte
1089 2992 1137 3054 in-

124 3079 270 3162 cidisset,
303 3079 437 3163 spiritus
468 3079 688 3164 impediretur.
734 3076 797 3142 Sed
825 3101 898 3144 cum
925 3078 992 3143 alvi
1018 3082 1136 3144 natura

123 3167 272 3234 subiecta
300 3167 469 3232 stomacho
498 3167 561 3232 cibi
589 3170 622 3231 et
649 3166 792 3252 potionis
821 3168 863 3233 sit
886 3168 1137 3253 receptaculum,

83 3270 108 3314 ⁸⁵
123 3255 296 3342 pulmones
325 3258 435 3320 autem
463 3258 496 3319 et
523 3277 578 3321 cor
606 3256 804 3321 extrinsecus
833 3255 985 3341 spiritum
1008 3255 1137 3340 ducant,

122 3345 159 3410 in
187 3344 262 3410 alvo
290 3344 396 3408 multa
422 3346 500 3408 sunt
526 3344 720 3409 mirabiliter
748 3345 875 3430 effecta,
903 3367 985 3430 quae
1008 3348 1137 3411 constat

122 3433 193 3498 fere
216 3455 234 3498 e
257 3431 375 3498 nervis.
415 3431 478 3498 Est
501 3435 609 3497 autem
628 3432 800 3517 multiplex
819 3437 852 3498 11
869 3437 1019 3500 tortuosa
1037 3436 1137 3499 arcet
