2596 3882
351 149 420 205 ΜΒ.
439 151 474 204 11.
499 149 574 204 CAP.
596 157 709 206 rr-ao.
732 157 881 217 §ar-ce.
1052 151 1116 215 317

106 292 279 378 disciplina
309 292 434 359 doctior
460 292 549 359 facta
576 315 646 359 esse
674 294 798 360 civitae.
842 293 975 359 Influxit
1004 295 1045 377 [p
1066 310 1118 360 rra

106 383 193 448 enim
221 403 288 446 non
317 382 425 446 tenuia
453 382 585 466 quidam
611 405 628 447 e
657 381 793 447 Graecia
819 383 944 448 rivulus
971 382 1007 447 in
1032 383 1119 449 hano

105 470 230 554 urbem,
253 469 309 534 sed
332 470 631 535 abundantissimus
654 471 758 535 amnis
781 471 912 535 illarum
934 471 1119 555 disciplina·

106 581 180 624 rum
207 561 241 623 et
264 558 393 623 artium.
438 557 552 622 Fuisse
576 558 662 623 enim
685 558 845 643 quendam
868 559 978 623 ferunt
1000 559 1119 624 Dema·

76 650 214 712 aratum
228 644 436 712 Corinthium
459 650 492 711 et
514 647 636 711 honore
660 650 694 710 et
712 647 907 712 auctoritate
926 650 959 711 et
977 646 1118 712 fortunis

105 734 202 800 facile
225 734 368 799 civitatis
392 755 470 798 suae
487 733 682 820 prinoipem3
707 734 763 818 qui
786 757 859 800 curn
873 733 1119 800 Corinthiorum

106 827 282 907 tyrannum
305 821 481 906 Cypselum
504 822 589 888 ferre
611 845 678 888 non
700 823 875 907 potuisset,
897 822 1023 909 fugisse
1045 845 1120 888 oum

106 907 236 998 maglna
251 911 387 996 pecunia
401 909 519 976 dicitur
530 933 568 976 ao
578 932 612 975 se
622 910 797 976 contulisse
806 910 1011 995 Tarquinios,
1019 913 1120 992 [plu

106 1000 141 1064 in
169 999 284 1064 urbem
310 998 463 1063 Etruriae
492 998 765 1063 florentissimam.
816 998 961 1084 Cumque
992 999 1119 1064 audiret

65 1106 93 1148 ιο
109 1087 363 1153 dominationem
382 1084 515 1172 Cypseli
537 1087 731 1170 confirmari,
755 1086 881 1172 defugit
903 1087 1047 1172 patriam
1069 1087 1120 1151 vir

106 1176 191 1241 liber
214 1198 251 1241 ao
273 1175 370 1241 fortis
394 1179 427 1240 et
450 1175 592 1241 adscitus
616 1179 666 1239 est
688 1175 767 1240 civis
791 1175 1120 1260 aTarquiniensibus

107 1267 206 1348 atque
235 1263 270 1328 in
300 1286 338 1328 ea
368 1263 502 1329 civitate
529 1263 729 1328 domicilium
757 1267 791 1328 et
818 1264 909 1328 sedes
936 1264 1119 1329 collocavit.

106 1351 174 1417 Ubi
204 1374 278 1418 oum
311 1352 349 1416 dc
382 1355 487 1416 matre
516 1350 659 1416 familias
687 1351 916 1437 Tarquiniensi
944 1352 1006 1417 duo
1033 1353 1119 1418 filios

106 1441 353 1526 procreavisset,
376 1440 525 1505 omnibus
549 1462 605 1505 eos
629 1439 754 1505 artibus
778 1441 819 1505 ad
838 1440 1035 1506 Graecorum
1058 1440 1121 1505 dis-

62 1546 92 1587 1⁵
107 1529 264 1614 ciplinam
287 1529 417 1594 erudiit.
432 1577 440 1594 .
455 1578 484 1593 ..

353 1670 595 1752 [Desiderantar
611 1671 750 1753 popinae
771 1672 874 1752 duae]

180 1792 359 1860 ...decile
377 1793 413 1857 in
431 1793 597 1859 civitatem
616 1795 765 1877 receptus
784 1797 879 1877 esset,
897 1815 992 1880 prop
1006 1796 1048 1876 [p.
1068 1755 1174 1883 219232

106 1887 160 1948 ter
185 1880 424 1948 humanitatem
448 1885 545 1966 atque
569 1881 751 1946 doctrinam
774 1879 866 1946 Anco
890 1883 967 1983 regi·
982 1882 1120 1948 familia·

106 1970 154 2035 ris
182 1974 233 2035 est
254 1969 360 2036 factus
384 1992 485 2054 usque
509 1991 560 2054 eo,
587 1972 625 2034 ut
648 1969 858 2035 consiliorum
881 1992 1026 2035 ommum
1048 1995 1121 2056 par-

107 2058 211 2143 ticeps
240 2061 273 2124 et
300 2059 406 2124 socius
433 2080 536 2143 paene
563 2058 656 2143 regni
682 2061 862 2143 putaretur.
911 2057 995 2123 Erat
1020 2059 1055 2124 in
1082 2081 1120 2124 eo

62 2163 92 2205 ιο
107 2151 279 2233 praeterea
314 2169 441 2212 summa
472 2146 623 2228 comitas,
664 2167 791 2211 summa
826 2145 862 2210 in
899 2147 1004 2211 omnis
1041 2147 1121 2212 civis

108 2235 194 2321 opis,
222 2234 348 2318 auxilii,
376 2234 587 2318 defensionis,
615 2233 775 2320 largiendi
802 2235 902 2298 etiam
925 2235 1121 2320 benignitas.

107 2322 223 2408 Itaque
253 2327 383 2388 mortuo
409 2322 532 2388 Marcio
565 2322 689 2388 eunetis
720 2322 836 2407 populi
867 2323 1033 2409 suffragiis
1065 2345 1121 2387 rex

108 2416 161 2476 est
184 2416 312 2477 erectus
334 2409 371 2476 L.
389 2410 598 2496 Tarquinium
622 2411 669 2475 sic
687 2410 774 2475 enim
794 2410 799 2494 Ι
819 2432 913 2475 suum
935 2433 993 2476 no·
1012 2413 1054 2492 [p.
1068 2427 1121 2476 220

107 2521 185 2565 men
211 2521 250 2566 ex
274 2498 397 2565 Graeco
420 2498 551 2564 nomine
572 2498 751 2582 inflexerat,
773 2501 811 2563 ut
833 2498 868 2562 iu
891 2498 980 2563 omni
1004 2519 1121 2584 genere

65 2602 94 2644 ²⁵
108 2588 205 2654 huius
228 2588 341 2674 populi
365 2586 629 2654 consuetudinem
647 2587 811 2652 videretur
830 2586 988 2651 imitatus.
1024 2585 1122 2670 Isque

85 2687 87 2690 ’
108 2681 147 2743 ut
160 2677 200 2741 de
213 2697 273 2741 suo
287 2675 424 2761 imperio
438 2675 546 2761 legem
559 2675 645 2758 tulit,
658 2674 818 2759 principio
834 2674 1014 2759 duplicavit
1027 2674 1121 2739 illum

107 2764 285 2851 pristinum
307 2766 438 2850 patrum
460 2784 631 2827 numerum
652 2765 685 2827 et
703 2763 855 2847 antiquos
873 2767 984 2848 patres
1003 2763 1122 2828 maio·

65 2863 69 2870 '
108 2875 191 2918 rum
224 2852 397 2938 gentium
429 2850 621 2935 appellavit,
655 2871 735 2934 quos
766 2850 893 2936 priores
925 2851 1121 2916 sententiam

66 3044 94 3087 a
107 2937 1121 3114 {ltili‘tttltttttt‘ttatttdttttllt
1139 2952 1175 3002 ³⁶

110 3121 161 3184 est
189 3120 348 3199 retentus,
376 3138 436 3181 nee
462 3115 570 3200 potuit
593 3077 786 3179 Titiensium
809 3119 843 3179 et
865 3056 1122 3181 Rhamnendium

108 3209 143 3272 et
160 3205 319 3270 Lucerum
338 3207 473 3286 mutare,
492 3226 566 3269 oum
585 3206 724 3288 cuperet,
742 3203 886 3288 nomina,
904 3203 991 3289 quod
1009 3208 1123 3270 auctor

107 3294 140 3359 ei
163 3315 291 3358 summa
313 3313 418 3378 augur
436 3291 542 3377 gloria
557 3291 657 3356 Attus
672 3289 797 3356 Navius
815 3313 882 3357 uon
900 3296 979 3357 erat.
1012 3292 1122 3376 Atque

109 3381 211 3447 etiam
233 3379 422 3446 Corinthios
450 3380 543 3446 video
571 3379 711 3465 publicis
739 3379 831 3464 equis
855 3379 1065 3466 adsignandis
1088 3384 1122 3445 et

67 3485 95 3527 ⁸⁶
109 3469 234 3536 alendis
258 3469 412 3535 orborum
436 3471 469 3534 et
491 3468 662 3534 viduarum
685 3467 818 3534 tributis
836 3468 938 3534 fuisse
957 3469 1120 3555 quondam
