2590 3880
192 128 235 194 38
500 124 550 180 na
568 124 893 180 serunenuonuu

140 284 190 334 102
206 271 346 337 omnino.
391 267 485 336 Nihil
508 269 618 354 habet,
640 269 757 353 inquit,
779 269 913 355 negotii
954 269 1105 336 Profecto
1127 269 1207 355 lapi-
1274 215 1275 218 ¹

192 381 288 426 curus
312 359 406 443 quasi
427 358 520 445 pueri
543 357 674 423 delicati
696 357 779 422 nihil
802 357 983 423 cessatione
1006 358 1122 424 melius
1142 358 1207 424 exi-

139 448 316 515 37stimat.
292 446 453 512 t'At
444 447 508 531 1psi
544 450 655 511 tamen
686 445 846 531 pueri,e
828 446 929 510 etiam
960 468 1034 512 cum
1066 449 1207 528 cessant,

192 535 424 601 exercitatione
447 534 559 619 aliqua
581 534 706 600 ludicra
729 533 944 617 delectantur3
972 534 1118 600 deum
1091 555 1139 600 src
1160 533 1206 598 fe

191 625 314 690 rictum
336 623 487 689 volumus
511 623 692 688 cessatione
713 625 858 706 torpere,
879 624 930 706 ut,
954 622 983 688 si
1005 642 1040 688 se
1063 644 1206 688 commo
1233 636 1245 675 ⁵

192 713 290 798 verit,
323 732 505 794 vereamur,
536 731 577 775 ne
609 711 724 776 beatus
752 731 822 776 esse
848 732 915 776 non
940 709 1068 795 possit?
1114 709 1207 776 Haec

193 801 299 866 oratio
320 821 388 865 non
410 799 506 864 modo
530 798 606 864 deos
630 798 753 883 spoliat
775 801 867 864 motu
888 801 921 863 et
939 799 1067 864 actione
1085 798 1207 882 divina,

193 889 250 954 sed
272 888 372 953 etiam
394 887 542 953 homines
564 887 678 952 inertis
703 885 816 970 efficit,
839 886 998 971 siquidem
1022 907 1123 973 agens
1148 887 1207 952 ali-

193 977 333 1062 quidne
356 975 435 1040 dens
459 973 588 1060 quidem
611 996 681 1040 esse
704 976 820 1039 beatus
842 978 962 1060 potest.

141 1074 191 1125 103
259 1064 383 1129 Verum
406 1064 450 1128 sit
468 1083 555 1147 sene,
576 1065 616 1127 ut
632 1063 743 1145 vultis,
765 1063 844 1128 deus
862 1062 989 1150 effigies
1007 1062 1152 1130 hominis
1173 1067 1243 1128 et10

192 1153 316 1239 imago,
348 1151 435 1236 quod
462 1151 530 1216 eius
558 1154 609 1216 est
636 1150 857 1217 domicilium?
889 1172 972 1236 quae
999 1152 1114 1216 sedes?
1149 1152 1206 1236 qui

192 1240 307 1306 locus?
330 1261 413 1324 quae
434 1238 548 1304 deinde
566 1239 650 1306 actio
669 1242 718 1305 ιιι
693 1239 778 1304 tae?
802 1239 919 1323 quibus
936 1240 1043 1325 rebus,
1065 1239 1099 1304 id
1118 1240 1206 1324 quod

192 1328 308 1411 vultis,
330 1328 446 1394 beatus
469 1329 609 1393 estlut
646 1327 793 1392 urenim
816 1328 883 1392 suis
905 1328 1000 1394 bonis
1023 1331 1207 1413 oportetei

105 1416 107 1422 ’
192 1416 282 1482 fruet
267 1420 334 1501 tur,
362 1417 419 1502 qui
443 1416 560 1481 beatus
586 1415 637 1480 fut
622 1419 715 1482 turus
742 1418 801 1480 est.
778 1413 933 1482 tNam
958 1416 1050 1482 locus
1074 1416 1206 1500 quidem

193 1505 234 1570 iis
248 1505 349 1570 etiam
361 1504 498 1589 naturis,
513 1526 595 1589 quae
609 1504 679 1570 sine
693 1503 810 1568 animis
824 1507 909 1588 sunt,
933 1525 1009 1570 suus
1024 1507 1074 1570 est
1088 1505 1206 1588 cuique
1220 1520 1243 1560 1⁵

192 1593 354 1678 proprius,
376 1596 414 1657 ut
436 1596 525 1658 terra
547 1593 694 1658 infimum
713 1595 833 1674 teneat,
855 1591 939 1658 hanc
956 1592 1092 1660 inundet
1110 1614 1207 1677 aqua,

194 1681 341 1766 superior
362 1682 439 1765 adri,
462 1681 617 1746 aetheriis
634 1679 765 1766 ignibus
785 1679 947 1746 altissima
965 1703 1023 1746 ora
1040 1680 1206 1747 reddatur.

193 1769 378 1835 Bestiarum
398 1771 507 1834 autem
525 1772 673 1834 terrenae
692 1772 767 1832 sunt
786 1768 878 1853 aliae,
895 1769 1018 1853 partim
1032 1769 1206 1854 aquatiles,

194 1857 277 1922 aliae
309 1857 403 1942 quasi
432 1857 589 1942 ancipites
615 1857 651 1920 in
677 1859 814 1941 utraque
838 1856 912 1922 sede
934 1857 1095 1941 viventes,
1127 1862 1207 1922 sunt

194 1945 352 2030 quaedam
370 1945 479 2028 etiam,
498 1967 580 2029 quae
596 1945 673 2030 igne
686 1945 778 2010 nasei
790 1949 947 2030 putentur
960 1949 1206 2030 appareantque
1220 1961 1244 2000 20

141 2045 192 2094 104
205 2035 241 2098 in
259 2033 447 2099 ardentibus
465 2033 652 2099 fornacibus
670 2054 767 2118 saepe
785 2033 970 2099 volitantes.
1002 2031 1129 2109 Quaero
1143 2034 1207 2120 igi-

193 2126 260 2205 tur,
293 2126 401 2188 vester
433 2122 511 2188 deus
543 2122 685 2207 primum
716 2121 773 2187 ubi
803 2122 945 2205 habitet,
977 2121 1089 2187 deinde
1120 2145 1207 2206 quae

194 2231 291 2276 causa
314 2232 388 2276 eum
410 2210 482 2276 loco
506 2213 649 2294 moveat,
676 2209 704 2274 si
727 2210 824 2276 modo
847 2213 995 2276 movetur
1018 2210 1205 2295 aliquando,

193 2319 305 2384 porro,
328 2321 402 2364 cum
424 2299 487 2364 hoc
508 2299 678 2384 proprium
701 2299 745 2364 sit
768 2298 996 2382 animantium,
1019 2302 1057 2364 ut
1080 2299 1206 2384 aliquid

194 2387 359 2472 adpetant,
383 2387 469 2471 quod
491 2387 536 2452 sit
557 2390 693 2452 naturae
717 2387 1004 2472 accommodatum,
1028 2387 1105 2452 deus
1125 2388 1205 2472 quid
1219 2402 1243 2444 ²⁵

194 2478 339 2562 appetat,
357 2475 399 2542 ad
417 2497 514 2559 quam
533 2475 669 2561 denique
687 2497 757 2540 rem
774 2478 867 2540 motu
884 2476 1003 2540 mentis
1024 2497 1061 2542 ac
1074 2477 1205 2542 ratione

193 2568 319 2646 utatur,
351 2567 517 2650 postremo
550 2586 614 2649 quo
646 2563 743 2629 modo
774 2563 889 2628 beatus
922 2563 979 2647 sit,
1010 2585 1075 2648 quo
1105 2564 1204 2632 modo

194 2656 353 2718 aeternus.
401 2651 560 2737 Quicquid
586 2652 672 2716 enim
695 2652 813 2717 horum
836 2651 1000 2736 attigeris,
1027 2652 1119 2718 ulcus
1143 2657 1203 2718 est

192 2739 246 2806 Ita
272 2741 358 2806 male
384 2741 538 2806 instituta
564 2741 649 2806 ratio
678 2740 799 2804 exitum
826 2740 968 2824 reperire
994 2762 1061 2805 non
1081 2744 1204 2825 potest.

141 2839 191 2890 105
207 2827 260 2894 Sic
279 2829 364 2894 enim
386 2828 524 2914 dicebas,
543 2829 682 2914 speciem
701 2827 752 2892 dei
769 2827 892 2912 percipi
910 2828 1118 2914 cogitatione,
1135 2851 1205 2896 non
1218 2843 1243 2885 ⁸⁰

194 2938 299 3000 sensu,
321 2939 381 2982 nec
399 2938 470 2982 esse
487 2917 522 2982 in
541 2939 580 2982 ea
596 2916 699 2982 ullam
718 2916 927 2999 soliditatem,
943 2938 1048 3001 neque
1067 2917 1205 2984 eandem

193 3004 432 3070 adnumerum
457 3027 659 3090 permanere,
687 3025 822 3088 eamque
850 3025 920 3070 esse
943 3005 1011 3070 eius
1034 3005 1205 3089 visionem,

192 3095 230 3158 ut
254 3091 466 3158 similitudine
490 3097 523 3158 et
545 3092 738 3158 transitione
761 3096 923 3177 cernatur,
945 3115 1050 3178 neque
1073 3093 1204 3160 deficiat

192 3202 348 3265 umquam
371 3202 410 3245 ex
432 3181 568 3246 infinitis
592 3180 781 3265 corporibus
805 3179 961 3248 similium
984 3182 1139 3266 accessio,
1164 3204 1204 3250 ex

193 3289 295 3352 eoque
321 3268 476 3352 fieri,ut
502 3271 537 3335 in
562 3267 643 3334 haec
669 3268 796 3334 intenta
820 3291 911 3336 mens
933 3273 1047 3336 nostra
1069 3270 1147 3336 beat
1132 3274 1204 3336 tam
1217 3283 1243 3328 ιι

139 3356 284 3422 38111am
307 3359 365 3421 nat
366 3378 458 3422 uram
482 3361 515 3422 et
538 3357 769 3441 sempiternam
791 3361 893 3442 putet.
931 3357 1011 3442 Hoc,
1034 3380 1094 3444 per
1110 3359 1203 3443 ipsos

194 3443 283 3529 deos,
311 3445 350 3510 de
378 3444 495 3531 quibus
519 3445 696 3530 loquimur,
724 3445 857 3530 qualet
842 3445 973 3512 tandem
997 3447 1068 3514 est?
1113 3445 1203 3515 Nam
