2630 3890
184 136 249 200 182
532 135 581 190 DE
598 135 841 190 DIVINATIONE

181 279 276 344 initio
298 279 378 344 belli
395 279 527 345 Marsici
550 282 584 344 et
606 280 739 345 deorum
763 279 937 345 simulacra
960 280 1135 365 sudavisse,
1158 284 1193 345 et

184 368 374 454 sanguinem
393 368 533 453 fluxisse,
551 371 585 432 et
603 368 788 433 discessisse
807 368 941 452 caelum,
960 372 993 433 et
1012 391 1050 433 ex
1065 368 1191 434 occulto

184 457 311 522 auditas
335 477 405 521 esse
428 477 532 541 voees,
556 478 638 540 quae
660 455 804 540 pericula
826 456 907 521 belli
927 456 1130 541 nuntiarent,
1159 461 1193 521 et

182 544 321 610 Lanuvii
338 544 470 630 clipeos,
489 543 574 628 quod
593 544 818 628 haruspicibus
835 544 1071 610 tristissumum
1085 546 1192 610 visum

132 646 183 696 100
193 636 288 717 esset,
311 655 331 697 a
352 631 499 696 muribus
522 653 593 697 esse
616 633 756 698 derosos.
798 630 890 717 Quid,
914 633 1000 717 quod
1017 633 1052 698 in
1070 633 1221 699 annali-a
1300 691 1311 720 1

183 724 245 787 bus
268 721 426 786 habemus
449 719 580 785 Veienti
601 720 699 804 bello,
722 743 795 785 cum
818 721 908 786 lacus
931 719 1080 786 Albanus
1102 743 1193 807 prae

184 815 234 875 ter
260 809 393 874 modum
422 809 589 893 crevisset,
616 807 786 874 Veientem
810 810 969 893 quendam
992 810 1033 875 ad
1055 831 1115 875 nos
1136 809 1194 875 ho-

184 899 306 965 minem
331 896 475 963 nobilem
502 896 697 984 perfugisse,
729 919 865 981 eumque
893 897 1012 963 dixisse
1040 919 1078 962 ex
1104 897 1193 982 fatis,
1311 971 1312 974 Ἴ

185 1008 268 1072 quae
281 985 434 1051 Veientes
458 985 580 1070 scripta
602 985 768 1069 haberent,
790 984 890 1050 Veios
913 985 986 1071 capi
1003 1008 1070 1052 non
1087 1007 1192 1072 posse,
1310 1067 1311 1070 Ἴ

186 1075 262 1139 dum
289 1075 379 1139 lacus
405 1074 434 1138 is
462 1073 669 1156 redundaret,
696 1076 742 1157 et,
772 1073 801 1137 si
823 1073 913 1139 lacus
937 1074 1074 1140 emissus
1098 1074 1235 1159 lapsuro
1309 1097 1312 1154 ς

186 1167 219 1228 et
238 1184 333 1228 cursu
352 1184 410 1227 suo
429 1162 471 1226 ad
489 1183 578 1226 mare
595 1161 811 1246 profluxisset,
834 1162 1052 1248 perniciosum
1071 1162 1192 1248 populo
1309 1193 1313 1252 3,

185 1251 348 1334 Romano3
372 1250 423 1315 sin
441 1252 551 1314 autem
568 1249 616 1314 ita
635 1254 721 1314 esset
740 1249 882 1334 eductuS,
900 1254 938 1315 ut
956 1251 997 1316 ad
1015 1272 1105 1316 mare
1123 1271 1194 1336 per·
1308 1268 1313 1332 'j

185 1339 295 1404 venire
318 1360 384 1403 non
406 1341 526 1423 posset,
549 1342 619 1402 tum
643 1339 786 1402 salutare
804 1338 927 1403 nostris
944 1337 1037 1404 fore?
1059 1338 1193 1422 Exque
1308 1338 1313 1420 Ἰ

186 1428 246 1492 illa
269 1426 471 1492 admirabilis
495 1449 514 1490 a
537 1426 714 1491 maioribus
738 1424 886 1493 Albanae
910 1449 1012 1512 aquae
1034 1427 1124 1492 facta
1143 1427 1193 1491 de·
1305 1417 1310 1432 ‘

188 1516 295 1582 ductio
323 1517 381 1580 est.
423 1513 505 1580 llum
533 1519 640 1580 autem
663 1513 816 1579 Veientes
843 1515 931 1580 bello
957 1515 1037 1580 fessi
1064 1515 1238 1600 legatos1⁵
1312 1517 1313 1568 ἶ

188 1605 229 1670 ad
257 1607 405 1669 senatum
427 1602 607 1688 misissent,
634 1607 705 1668 tum
728 1603 829 1668 exiis
853 1603 984 1687 quidam
1008 1603 1126 1668 dixisse
1150 1603 1194 1667 di·
1313 1573 1314 1648 l

187 1694 271 1759 citur
292 1714 359 1757 non
380 1692 489 1757 omnia
506 1692 600 1756 illum
619 1691 825 1777 transfugam
844 1714 959 1756 ausum
978 1713 1048 1756 esse
1066 1692 1194 1757 senatui

188 1781 306 1865 dicere3
328 1781 363 1845 in
385 1779 488 1846 isdem
511 1780 598 1844 enim
620 1780 699 1844 fatis
722 1780 879 1865 scriptum
897 1779 1050 1845 Veientes
1073 1778 1194 1845 habere

186 1869 257 1935 fore
279 1873 317 1933 ut
339 1868 432 1934 brevi
454 1891 475 1933 a
497 1867 601 1933 Gallis
624 1867 731 1933 Roma
753 1872 931 1954 caperetur,
957 1868 1042 1953 quod
1065 1868 1194 1952 quidem

21 1954 24 1962 ’
134 1956 338 2110 45sexegmio
361 1960 438 2057 post
460 1955 560 2058 Veios
582 1957 851 2108 ⁰apl⁰{··f³}l¹¹m·
864 1957 1112 2058 essetridemus.
1209 1974 1236 2013 2⁰

137 2045 980 2200 1Olturbiqppqeelthqrpaptvqrreeprqexripecqupr131ssng
993 2046 1195 2199 edssldldiiiiiirs-

187 2228 256 2307 tur,
282 2221 373 2287 euius
404 2220 531 2307 generis
559 2221 621 2286 duo
650 2221 715 2286 sint
744 2243 782 2286 ex
809 2222 921 2287 multis
950 2222 1111 2306 exempla,
1138 2221 1196 2286 sed
1313 2265 1314 2298 ᾗ

187 2333 351 2377 maxuma:
383 2308 470 2374 Nam
497 2330 564 2374 non
585 2309 689 2375 multo
714 2313 789 2374 ante
812 2310 925 2376 urbem
949 2314 1079 2396 captam
1102 2332 1195 2374 exau·
1233 2368 1239 2384 ,

188 2399 257 2465 dita
286 2421 349 2464 vox
377 2401 428 2464 est
455 2420 475 2464 a
500 2397 574 2464 luco
596 2396 730 2483 Vestae,
761 2398 816 2482 qui
843 2421 864 2464 a
884 2397 1006 2464 Palatii
1031 2397 1138 2463 radice
1160 2398 1195 2461 in
1209 2414 1236 2455 2⁵
1313 2437 1314 2480 ᾗ

187 2511 306 2555 novam
338 2487 425 2552 viam
452 2486 591 2552 devexus
618 2490 681 2570 est,
713 2489 750 2550 ut
778 2487 863 2551 muri
888 2490 921 2552 et
948 2491 1061 2573 portae
1088 2486 1196 2551 refice·
1313 2505 1314 2518 ¹

188 2580 314 2660 rentur3
342 2575 489 2640 futurum
518 2596 601 2659 esse,
629 2574 694 2639 nisi
715 2575 883 2659 provisum
906 2579 1005 2659 esset,
1031 2578 1069 2640 ut
1091 2573 1196 2640 Roma
1314 2640 1315 2653 ,

189 2667 366 2751 caperetur.
408 2662 500 2740 Quod
522 2664 707 2749 neglectum
729 2666 809 2747 tum,
832 2686 905 2728 cum
928 2663 1035 2729 caveri
1056 2666 1196 2748 poterat,

188 2756 265 2840 post
292 2755 458 2837 acceptam
480 2751 573 2816 illam
598 2751 773 2816 maximam
796 2751 920 2816 cladem
943 2753 1109 2837 expiatum
1132 2755 1195 2834 est3

190 2863 247 2907 ara
270 2841 356 2906 enim
378 2840 441 2905 Aio
464 2839 638 2925 Loquenti,
666 2861 763 2924 quain
787 2843 934 2924 saeptam
955 2840 1118 2924 videmus,
1145 2861 1196 2904 ex·
1209 2856 1237 2897 ³⁰

190 2929 344 2994 adversus
381 2950 454 2994 eum
490 2928 598 2993 locum
629 2931 816 2993 consecrata
848 2932 906 2993 est.
955 2928 1064 3013 Atque
1097 2928 1196 2994 etiam

190 3017 347 3102 scriptum
370 3039 391 3082 a
412 3016 526 3081 multis
549 3020 608 3100 est,
631 3038 704 3082 oum
724 3019 831 3081 terrae
849 3020 957 3082 motus
975 3016 1082 3082 factus
1101 3019 1196 3101 esset,

188 3109 227 3170 ut
250 3126 306 3170 sue
328 3105 426 3189 plena
447 3104 634 3190 procuratio
652 3105 755 3189 fieret,
777 3126 889 3170 vocem
908 3106 949 3170 ab
969 3105 1046 3170 aede
1062 3104 1195 3170 Iunonis

190 3214 229 3258 ex
252 3214 324 3258 arce
348 3193 507 3277 extitisse3
531 3193 680 3277 quocirca
702 3192 858 3258 Iunonem
881 3193 974 3258 illam
997 3194 1196 3279 appellatam

189 3280 364 3346 Monetam.
400 3281 490 3347 Haec
507 3281 608 3368 igitur
627 3284 660 3347 et
678 3304 698 3347 a
717 3280 765 3345 dis
784 3281 968 3368 significata
986 3286 1019 3348 et
1037 3304 1058 3347 a
1073 3281 1236 3348 nostrisa

190 3368 368 3434 maioribus
391 3369 533 3435 iudicata
556 3369 814 3435 contemnimus?

139 3470 189 3519 102
256 3455 369 3542 Neque
394 3458 501 3523 solum
524 3458 656 3524 deorum
681 3479 774 3525 voees
796 3457 996 3545 Pythagorei
1020 3459 1196 3525 observita·
