2610 3894
298 143 365 200 ΜΒ.
383 145 418 202 11.
444 143 521 201 cnP.
540 151 655 203 ae-m,
679 151 694 212 ς
714 151 863 200 roo-ror.
1048 145 1091 210 83

73 289 191 374 inquit,
214 289 413 355 carminibus
433 289 568 374 Aratiis,
591 311 673 374 quae
697 311 717 354 a
738 293 773 356 te
792 289 966 354 admodum
985 291 1092 355 adule-

73 377 223 443 scentulo
248 400 404 444 conversa
426 378 475 444 ita
497 400 549 443 me
573 377 746 463 delectant,
770 379 846 462 quia
864 378 983 443 Latina
1006 382 1091 462 sunt,

72 470 110 531 nt
142 467 251 532 multa
283 488 321 532 ex
347 467 389 530 iis
417 467 575 532 memoria
602 471 740 531 teneam.
785 466 890 552 Ergo,
921 471 959 531 ut
989 467 1091 532 oculis

73 553 210 619 adsidue
232 555 388 638 videmus,
412 555 481 620 sine
503 555 574 620 ulla
595 555 778 620 mutatione
801 559 859 620 aut
880 556 1040 620 varietate

42 687 59 727 s
143 657 286 725 Cetera
308 661 497 726 labuntur
519 661 640 725 celeri
663 659 853 727 caelestia
875 665 981 726 motu

142 745 237 813 Cum
265 749 452 834 caeloque
479 748 596 814 simul
623 753 835 833 noctesque
850 749 1017 903 rduilqpqpc
1038 748 1093 816 ie·

994 889 1003 923 7

73 982 217 1044 quorum
240 960 516 1045 contemplatione
538 960 662 1026 nullius
681 961 805 1045 expleri
821 965 932 1047 potest
951 962 1078 1028 animus
1095 969 1143 1018 105

71 1053 216 1114 naturae
239 1049 459 1114 constantiam
483 1049 592 1114 videre
615 1049 784 1135 cupientis.

142 1172 430 1257 Extremusque
450 1171 544 1237 adeo
563 1172 712 1258 duplici
730 1173 774 1237 de
788 1174 944 1239 cardine
958 1179 1094 1241 vertex

30 1287 59 1326 ro
145 1260 303 1326 Dicitur
326 1282 410 1325 esse
432 1261 555 1346 polus.

72 1383 174 1450 Hunc
189 1385 310 1450 circum
321 1383 442 1450 Arctoe
458 1385 539 1449 duae
552 1383 701 1450 ferrmtur
714 1407 893 1469 numquam
903 1387 1094 1453 occidentes,

143 1507 200 1573 Ex
218 1508 279 1574 his
297 1509 424 1574 altera
438 1508 537 1593 apud
551 1506 690 1573 Graios
705 1506 905 1593 Cynosura
918 1515 1093 1597 vocatur,

145 1596 284 1662 Altera
307 1596 451 1662 dicitur
475 1617 558 1661 esse
581 1596 729 1682 Helice,

74 1719 169 1821 cuius
203 1720 332 1806 quidem
364 1719 563 1786 clarissimas
593 1721 708 1785 stellas
737 1721 818 1786 totis
847 1723 999 1788 noctibus
1028 1745 1093 1790 oer-

32 1833 59 1874 rs
73 1831 196 1894 mmm,

145 1914 247 1992 Quas
270 1915 399 1981 nostri
422 1912 579 2000 Septem
599 1915 711 1980 soliti
729 1917 905 1982 vocitare
924 1916 1094 1983 Triones.

73 2041 282 2125 Paribusque
315 2039 420 2104 stellis
453 2039 605 2104 similiter
637 2038 800 2104 distinctis
833 2040 970 2105 eundem
999 2041 1148 2107 caeli106

74 2129 235 2196 verticem
258 2129 379 2193 lustrat
401 2150 504 2212 parra
527 2125 707 2212 Cynosura:

144 2252 228 2318 Hac
245 2251 375 2317 fidunt
396 2251 488 2318 duce
506 2255 697 2316 nocturna
714 2250 927 2318 Phoenices
946 2253 985 2317 in
1003 2253 1095 2319 alto.

33 2363 60 2403 so
145 2339 219 2406 Sed
250 2340 359 2426 prior
390 2340 463 2408 illa
495 2339 620 2426 magis
653 2340 785 2405 stellis
817 2340 1007 2406 distincta
1038 2363 1095 2406 re·

145 2517 196 2583 Et
219 2517 300 2596 late
323 2517 448 2602 prima
471 2517 678 2582 confestim
702 2539 721 2581 a
743 2520 856 2583 nocte
877 2429 1045 2601 iiiiiiq

144 2605 252 2670 Haec
287 2626 378 2671 vero
410 2627 531 2690 parua
563 2610 636 2690 est,
673 2605 739 2670 sed
770 2605 901 2671 nautis
933 2627 1024 2670 usus
1055 2606 1095 2670 in

144 2781 244 2848 Nam
266 2803 379 2848 cursu
396 2781 586 2847 interiore
602 2781 712 2848 brevi
731 2695 1094 2860 convellratitdiidrbe.

75 2907 122 2972 Et
147 2928 212 2992 quo
236 2905 281 2972 sit
303 2927 414 2970 earum
438 2906 609 2971 stellarum
632 2905 857 2972 admirabilior
880 2907 1039 2990 aspectus,
1105 2898 1149 2964 42

37 3031 63 3074 rs
144 3011 227 3078 Has
241 3011 358 3095 inter,
377 3013 502 3078 veluti
516 3012 653 3097 rapido
669 3033 750 3078 cum
766 3010 923 3097 gurgite
936 3010 1096 3097 flumen,

144 3100 295 3167 Torvus
322 3100 446 3167 Draco
477 3101 602 3185 serpit
631 3101 766 3165 subter
795 3120 1012 3252 suppppqpsc
1039 3122 1096 3166 re-

144 3277 236 3345 Sese
260 3277 552 3361 conficiensque
576 3277 684 3342 sinus
707 3299 725 3342 e
747 3297 909 3362 corpore
932 3275 1067 3341 flexos.

38 3393 42 3402 '
75 3383 159 3452 Eius
182 3407 257 3452 cum
279 3385 382 3449 totius
405 3388 457 3448 est
478 3384 647 3469 praeclara
669 3381 802 3468 species,
825 3387 891 3447 tum
911 3382 946 3446 in
963 3381 1079 3467 primis
1096 3391 1145 3440 10⁷

78 3473 266 3562 aspicienda
289 3476 339 3538 est
361 3473 469 3559 figura
491 3471 608 3557 capitis
632 3474 729 3557 atque
753 3470 850 3536 ardor
873 3471 1053 3536 oculorum:

839 3580 855 3628 6
861 3573 877 3608 ’t
