2566 3876
359 203 426 258 LIB.
445 201 494 258 III.
513 201 589 258 CAP.
612 207 654 271 19,
672 206 715 256 20.
735 205 750 266 ἓ
768 206 882 255 43-49.
1058 198 1124 262 449

1 350 24 412 ri
119 350 252 437 publica
274 369 401 434 semper
423 347 573 430 volumus
593 367 671 411 esse.
708 344 806 431 Apud
824 344 963 428 eosdem,
986 343 1042 428 qui
1060 366 1125 408 ma-

120 439 263 526 gistratu
277 436 425 520 abierint,
443 436 540 500 edant
554 439 587 500 et
601 437 772 520 exponant,
791 432 866 519 quid
881 433 916 497 in
928 432 1126 517 magistratu
1215 441 1218 448 “

2 550 23 589 u
122 527 296 614 gesserint,
327 525 429 609 deque
460 524 501 588 iis
534 544 681 588 censores
712 520 941 608 praeiudicant.
988 520 1060 586 Hoc
1090 520 1127 584 in

6 639 22 679 a
122 615 259 680 Graecia
280 615 319 678 fit
340 613 469 698 publice
491 611 677 678 constitutis
701 610 959 693 accusatoribus3
979 609 1035 693 qui
1058 609 1125 693 qui·

9 705 24 767 i
95 704 196 769 adem
225 723 341 789 graves
372 722 443 766 esse
469 721 537 765 non
564 703 715 785 possunt,
746 699 810 764 nisi
837 701 914 763 sunt
940 697 1126 763 voluntarii.

1 796 19 856 rt
122 790 279 872 Quocirca
309 789 424 854 melius
455 789 599 854 rationes
630 786 756 872 referri,
788 807 981 871 causamque
1009 785 1126 871 exponi

1 907 18 948 u
122 880 319 964 censoribus,
340 877 504 964 integram
521 879 631 942 tamen
650 877 724 962 legi,
748 875 927 942 accusatori
945 874 1126 958 iudicioque

8 971 17 1034 t
123 967 255 1033 servari.

1 1084 15 1125 o
190 1054 252 1120 Sed
283 1055 363 1120 satis
395 1055 461 1120 iam
494 1054 694 1139 disputatum
725 1055 776 1118 est
803 1052 842 1117 de
869 1051 1128 1138 magistratibus,

4 1150 22 1211 iu
83 1144 187 1209 renisi
212 1143 298 1209 forte
325 1143 402 1229 quid
430 1143 627 1207 desideratis.
672 1141 748 1208 Arr.
772 1140 876 1216 Quid?
906 1141 934 1206 si
959 1161 1019 1205 nos
1042 1142 1127 1203 tace·

1 1260 13 1301 o
123 1255 209 1317 mus,
231 1233 321 1298 locus
344 1233 414 1317 ipse
436 1235 470 1296 te
491 1252 557 1296 non
580 1230 741 1313 admonet,
764 1229 841 1314 quid
862 1229 925 1294 tibi
947 1229 991 1294 sit
1014 1227 1127 1292 deinde

1 1333 12 1390 t
124 1321 314 1386 dicendum?
345 1322 393 1386 M.
412 1319 557 1385 Mihine?
580 1318 619 1384 de
636 1317 762 1383 iudiciis
781 1318 932 1402 arbitror,
953 1315 1127 1401 Pomponi3

122 1409 156 1475 id
188 1412 238 1474 est
265 1409 351 1474 enim
378 1409 524 1473 iunctum
550 1406 808 1492 magistratibus.
852 1407 927 1472 Ara
955 1403 1060 1481 Quid?
1087 1405 1127 1468 de
1146 1418 1179 1467 48

2 1550 4 1557 .
123 1498 193 1563 iure
216 1497 330 1583 populi
352 1496 504 1579 Romani,
534 1517 630 1581 quem
653 1496 694 1560 ad
717 1494 848 1560 modurn
869 1493 1055 1576 instituisti,
1083 1492 1128 1556 di-

12 1612 15 1644 3
84 1585 260 1651 iacendum
286 1585 369 1650 nihil
395 1585 515 1670 putas?
551 1585 599 1648 M.
622 1582 705 1658 Quid
733 1582 863 1647 tandem
890 1582 952 1647 hoc
978 1582 1050 1646 loco
1078 1582 1128 1644 est

2 1714 3 1718 =
125 1673 212 1758 quod
239 1674 408 1758 requiras?
448 1674 525 1738 Arc.
551 1671 687 1757 Egone?
718 1671 803 1756 quod
832 1669 978 1756 ignorari
1007 1669 1048 1734 ab
1078 1669 1128 1753 iis,

1 1795 4 1802 ·
124 1762 181 1846 qui
202 1761 238 1825 in
260 1783 295 1826 re
317 1761 449 1848 publica
471 1764 650 1844 versantur,
672 1759 897 1845 turpissimum
919 1761 1008 1843 puto.
1041 1755 1128 1821 Nam

1 1884 3 1920 :
123 1855 161 1914 ut
188 1849 283 1915 modo
311 1873 332 1915 a
358 1853 391 1915 te
418 1849 540 1915 dictum
568 1852 618 1913 est
644 1849 734 1934 leges
762 1871 781 1912 a
808 1847 950 1912 librariis
973 1845 1054 1931 peti,
1082 1845 1128 1910 sic

125 1937 346 2004 animadverto
378 1939 550 2023 plerosque
582 1937 618 2001 in
649 1935 896 2022 magistratibus
923 1934 1128 2021 ignoratione

84 2025 204 2090 sciuris
232 2027 283 2091 sui
304 2030 433 2092 tantum
456 2047 583 2111 sapere,
611 2029 768 2110 quantum
792 2024 993 2110 apparitores
1016 2022 1129 2088 velint.

125 2112 229 2188 Quam
257 2114 298 2179 ob
326 2137 409 2200 rem,
436 2115 465 2180 si
493 2115 531 2179 de
554 2136 719 2179 sacrorum
742 2113 937 2178 alienatione
960 2111 1129 2197 dicendum

124 2200 259 2286 putasti,
277 2203 430 2284 quoniam
445 2203 483 2268 de
497 2202 654 2287 religione
668 2203 758 2288 leges
772 2221 998 2287 proposueras,
1011 2198 1129 2264 facien·

126 2289 202 2354 dum
232 2289 296 2354 tibi
327 2293 390 2374 est,
422 2294 459 2355 ut
490 2290 737 2374 magistratibus
769 2290 842 2375 lege
873 2287 1060 2354 constitutis
1090 2285 1129 2350 de

125 2380 326 2463 potestatum
349 2377 418 2443 iure
436 2377 589 2464 disputes.
620 2379 669 2443 M.
686 2377 818 2442 Faciam
835 2376 986 2458 breviter,
1010 2375 1038 2439 si
1056 2395 1128 2440 con·
1147 2388 1180 2436 49

0 2507 2 2522 .
85 2485 112 2526 25
127 2465 218 2551 sequi
238 2469 388 2550 potuero,
409 2488 485 2531 narn
504 2466 650 2551 pluribus
668 2465 776 2530 verbis
795 2464 926 2549 scripsit
944 2463 985 2528 ad
1001 2466 1129 2548 patrem

125 2559 218 2619 tuum
240 2553 283 2618 M.
305 2553 417 2619 Iunius
441 2554 562 2620 sodalis
585 2553 689 2638 perite
711 2575 784 2618 meo
807 2552 936 2638 quidem
958 2551 1075 2616 iudicio
1097 2555 1129 2615 et

126 2641 313 2728 diligenter,
343 2664 404 2708 nos
436 2646 545 2708 autem
577 2641 615 2706 de
642 2642 711 2706 iure
738 2644 874 2706 naturae
900 2639 1045 2726 cogitare
1070 2660 1130 2724 per

125 2727 1130 2885 tssrtttttttt,tittu³’t5t”s‘t‘’ttrittttt

85 2907 160 2972 eoid
181 2907 297 2994 ipsum,
320 2908 406 2993 quod
429 2908 516 2992 dicis,
540 2910 682 2992 expecto.
782 2842 804 2903 p

465 3187 788 3270 FRAGMENTA

381 3317 591 3379 anacreon
613 3319 667 3378 oa
690 3317 873 3379 anemos,

196 3437 224 3502 1.
246 3436 387 3502 macac.
409 3439 480 3503 inst.
498 3439 558 3502 dio.
571 3437 638 3502 ΙΙΙ
647 3442 734 3504 19.2
755 3438 803 3502 Ac
818 3437 878 3515 itii,
899 3437 954 3518 qui
970 3436 1013 3501 dc'
1023 3435 1131 3501 mortis

125 3525 203 3592 bono
221 3527 387 3608 disputant,
405 3527 449 3592 sic
466 3531 737 3610 orpumcutoator:
757 3524 806 3590 ‘Sc‘
823 3525 903 3589 nihil
916 3529 1039 3607 estpcst
1050 3543 1130 3590 mor·

180 3637 234 3681 01⁰.
248 3638 289 3680 Π.
304 3640 323 3680 a.
883 3633 917 3682 29
