2526 3880
159 110 227 174 104
476 105 526 160 ΒΕ
545 104 697 160 NATURA
714 105 870 160 DEORUM

223 253 407 336 Ansaque
445 249 644 317 funestum
681 251 806 334 prima
842 255 901 315 est
936 251 1177 317 fabricarier

955 360 1085 404 ensem

223 428 274 494 nt
301 431 462 516 gustare
490 449 601 492 manu
630 426 802 493 vinctum
830 426 1096 513 domitumque
1118 429 1177 494 iu-

913 538 1083 581 vencum.

157 658 266 723 Tanta
294 658 475 743 putabatur
503 657 631 722 utilitas
658 655 782 742 percipi
809 678 827 722 e
849 656 970 740 bubus,
1000 661 1177 723 uteorum
1241 633 1243 720 l

104 746 337 814 64visceribus
360 746 448 812 vesci
471 746 576 810 scelus
599 745 784 809 haberetur.
824 743 974 831 Longum
998 749 1049 810 est
1071 748 1177 812 mulo
1243 739 1244 806 l

157 858 231 900 rum
254 834 405 919 persequi
423 834 585 898 utilitates
605 837 637 898 et
656 833 831 918 asinorum,
855 855 937 917 quae
956 838 1043 899 certe
1063 835 1105 899 ad
1117 835 1177 900 ho·
1203 854 1215 894 s
1244 846 1245 902 l

106 937 157 985 160
167 923 292 988 minum
310 943 406 986 usum
423 925 559 1008 paratae
579 925 664 986 sunt.
695 919 756 985 Sus
775 943 853 986 vero
868 921 945 1006 quid
959 922 1060 987 habet
1074 946 1168 1008 prae
1245 952 1246 998 l

158 1015 211 1076 ter
233 1010 362 1075 escam?
391 1009 442 1075 cui
466 1009 604 1094 quidem,
626 1031 667 1074 ne
689 1012 882 1095 putesceret,
906 1011 1048 1075 animam
1066 1011 1178 1096 ipsam
1246 1058 1247 1090 ,

158 1121 219 1186 pro
250 1099 319 1164 sale
350 1098 461 1163 datam
491 1096 569 1162 dicit
601 1118 671 1162 csse
699 1095 916 1183 Chrysippum
948 1120 1013 1183 qua
1044 1101 1177 1184 pecude,
1247 1164 1248 1196 ,

160 1186 246 1273 quod
269 1190 340 1252 erat
364 1186 405 1251 ad
427 1185 621 1253 vescendum
641 1185 828 1250 hominibus
848 1191 935 1271 apta,
957 1187 1042 1251 nihil
1061 1189 1178 1274 genuit

158 1280 279 1342 natura
304 1275 481 1340 fecundius.
527 1272 612 1350 Quid
641 1275 885 1339 multitudinem
912 1276 1177 1361 suavitatemque
1191 1298 1216 1336 lo
1248 1270 1249 1304 ¹

159 1364 299 1451 piscium
322 1364 449 1429 dicam?
473 1362 551 1448 quid
574 1362 705 1427 avium?
729 1384 768 1426 ex
792 1363 907 1447 quibus
927 1367 1022 1428 tanta
1039 1366 1178 1451 percipi·
1249 1378 1250 1424 l

158 1458 214 1518 tur
242 1453 410 1537 voluptas,
441 1455 479 1516 ut
508 1451 671 1515 interdum
697 1449 846 1516 Pronoea
872 1455 987 1516 nostra
1014 1450 1179 1537 Epicurea
1250 1484 1251 1530 l

47 1551 50 1558 '
158 1541 260 1606 fuisse
296 1539 453 1604 videatur.
502 1538 612 1623 Atque
649 1561 704 1603 eae
740 1560 781 1603 ne
814 1543 1005 1624 caperentur
1045 1541 1178 1625 quidem
1251 1590 1252 1630 ,

159 1630 223 1694 nisi
246 1627 415 1693 hominum
437 1627 565 1691 ratione
584 1631 682 1711 atque
702 1627 863 1710 sollertia3
887 1650 1085 1712 quamquam
1104 1629 1177 1694 avis
1251 1631 1252 1642 ’

159 1717 331 1803 quasdam,
358 1719 392 1780 et
419 1715 514 1779 alites
543 1719 577 1779 ct
600 1715 739 1799 oscines,
767 1718 805 1779 ut
826 1715 932 1780 nostri
955 1737 1096 1802 augures
1121 1740 1177 1803 ap·
1191 1736 1215 1777 1⁵
1252 1696 1253 1762 l

159 1806 299 1892 pellant,
326 1826 435 1869 rerum
463 1803 727 1888 augurandarum
750 1825 848 1867 causa
871 1825 941 1868 esse
963 1809 1059 1868 natas
1083 1809 1177 1891 puta·
1253 1802 1254 1862 l

108 1909 158 1958 161
173 1915 256 1959 mus.
292 1891 364 1956 Iam
387 1913 464 1957 vero
487 1891 646 1955 immanes
669 1891 807 1955 etseras
826 1892 939 1957 beluas
957 1893 1177 1959 nanciscimur
1254 1908 1255 1956 l

159 1981 317 2062 venando,
339 1983 377 2046 ut
400 1983 433 2044 et
451 2001 621 2044 vescamur
638 1978 680 2042 iis
700 1983 733 2043 et
751 2001 958 2045 exerceamur
974 1980 1010 2044 in
1027 1983 1175 2047 venando

160 2071 202 2137 ad
225 2069 472 2135 similitudinem
495 2068 631 2132 bellicae
655 2067 845 2152 disciplinae
868 2071 902 2133 et
924 2071 1057 2134 utamur
1076 2070 1181 2136 domi--

160 2160 205 2224 tis
226 2162 260 2224 et
278 2156 524 2240 condoccfactis,
547 2160 584 2221 ut
603 2155 796 2240 elephantis,
819 2157 987 2241 multaque
1006 2180 1046 2222 ex
1064 2180 1177 2224 earum
1190 2179 1214 2219 so

161 2247 352 2332 corporibus
386 2244 530 2309 remedia
561 2243 685 2309 morbis
718 2247 752 2308 et
783 2245 973 2310 vulneribus
1006 2246 1178 2332 eligamus,

161 2336 246 2400 sicut
270 2356 309 2399 ex
331 2333 526 2418 quibusdam
550 2333 707 2417 stirpibus
731 2335 765 2396 et
786 2333 905 2417 herbis,
929 2355 1067 2417 quarum
1090 2337 1178 2401 utili-

160 2427 248 2489 tates
271 2421 443 2508 longinqui
465 2420 622 2506 temporis
645 2441 706 2484 usu
725 2425 759 2484 et
776 2421 1015 2505 periclitatione
1034 2425 1177 2510 percepi-

161 2534 244 2577 mus.
289 2509 408 2575 Totam
438 2509 516 2573 lioet
548 2509 665 2573 animis
698 2512 867 2593 tamquam
899 2510 1002 2575 oculis
1035 2512 1178 2577 lustrare

161 2605 285 2666 terram
313 2597 480 2681 mariaque
508 2597 631 2681 omnia3
659 2618 769 2662 cernes
797 2596 864 2662 iam
887 2599 995 2683 spatia
1017 2598 1177 2685 frugifera
1189 2618 1227 2682 ss,

163 2692 261 2773 atque
279 2687 427 2752 inmensa
444 2707 633 2770 camporum
645 2685 848 2769 vestitusque
863 2686 1074 2752 densissimos
1087 2711 1177 2754 mon-

162 2777 259 2860 tium,
281 2775 441 2861 pecudum
463 2777 592 2859 pastus,
619 2776 690 2838 tum
712 2774 896 2856 incredibili
919 2797 1031 2840 cursus
1054 2777 1177 2842 mariti·

110 2877 161 2925 162
176 2886 247 2929 mos
272 2863 446 2930 celeritate.
486 2861 556 2927 Nec
579 2883 656 2927 vero
676 2883 776 2947 supra
793 2866 925 2947 terram,
948 2864 1125 2930 sedetiam
1143 2866 1178 2931 in

161 2951 297 3016 intumis
322 2951 389 3016 eius
413 2950 557 3015 tenebris
577 2950 793 3035 plurimarum
811 2973 920 3016 rerum
939 2952 1022 3017 latet
1040 2953 1178 3039 utilitas,

164 3063 246 3124 quae
276 3039 317 3104 ad
344 3060 439 3103 usum
462 3039 631 3104 hominum
655 3042 729 3103 orta
751 3041 792 3104 ab
816 3039 1004 3105 hominibus
1028 3043 1109 3107 solis
1132 3044 1178 3108 in-
1191 3060 1214 3100 ⁸⁰

162 3129 300 3193 venitur.

109 3250 153 3316 65
230 3249 318 3314 Illud
340 3271 427 3332 vero,
452 3249 539 3334 quod
561 3252 697 3334 uterque
719 3253 865 3315 vestrum
884 3252 1020 3337 arripiet
1038 3251 1180 3320 fortasse

164 3338 205 3403 ad
228 3337 499 3423 reprendendum,
527 3335 638 3421 Cotta,
667 3337 743 3422 quia
766 3336 949 3404 Carneades
972 3340 1125 3407 lubenter
1147 3344 1179 3408 in

162 3423 292 3492 Stoicos
318 3424 548 3512 invehebatur,
575 3425 735 3511 Velleius,
764 3426 840 3511 quia
860 3427 945 3491 nihil
967 3431 1038 3493 tam
1060 3429 1181 3495 inridet
