2630 3890
374 197 441 252 Lm.
461 196 495 252 Η.
520 197 597 252 cnr.
617 201 730 252 ae-eo.
754 203 769 263 ς
789 203 902 253 co-cr.
1076 197 1141 262 219

135 335 346 404 Calchantem
370 340 478 406 dixisti
504 365 542 406 ex
564 362 733 426 passerum
755 323 889 405 numero
912 339 991 405 belli
1010 339 1142 407 Troiani

134 449 237 492 annos
266 431 475 514 auguratum
504 430 543 495 de
570 429 660 495 cuius
688 429 871 495 coniectura
899 430 945 495 sic
968 428 1055 512 apud
1076 428 1143 493 Ho

134 537 274 599 merum,
310 519 347 580 ut
381 539 442 582 nos
479 517 577 582 otiosi
613 518 843 602 convertimus,
879 517 1024 602 loquitur
1055 516 1143 602 Aga·

134 625 299 668 memnon:

107 710 121 749 ⁶
179 691 306 775 Ferte,
328 691 417 776 viri,
441 697 479 758 et
502 694 618 759 duros
641 694 766 758 animo
784 695 955 758 tolerate
974 693 1143 776 labores,

180 779 351 866 Auguris
380 786 421 846 ut
448 783 577 847 nostri
600 780 826 847 Calchantis
854 782 938 846 fata
960 803 1142 870 queamus

180 865 294 934 Scire
336 874 493 935 ratosne
530 870 699 935 habeant
735 893 782 935 an
816 892 935 936 vanos
970 870 1142 955 pectoris

935 979 1054 1023 orsus.

179 1043 352 1129 Namque
393 1068 522 1111 omnes
563 1046 724 1111 memori
759 1050 981 1131 portentum
1017 1049 1143 1110 mente

839 1138 1055 1218 retentant,

182 1219 253 1296 Qui
275 1244 349 1286 non
371 1221 544 1287 funestis
567 1223 769 1308 liquerunt
791 1223 938 1287 lumina
960 1222 1063 1287 fatie.

181 1308 382 1396 Argolicis
414 1311 581 1395 primum
603 1315 654 1376 ut
684 1312 833 1376 vestita
862 1315 920 1376 est
928 1311 1143 1463 Aclassibus

964 1399 1055 1464 ulie.
1177 1421 1180 1426 ·

181 1483 284 1562 Quae
310 1486 466 1552 Priamo
499 1487 648 1552 cladem
681 1491 719 1552 et
749 1486 888 1552 Troiae
920 1491 1143 1572 pestemque

860 1575 1055 1660 ferebant,

181 1661 261 1727 Nos
289 1663 433 1729 circum
456 1664 599 1730 latices
624 1664 778 1750 gelidos
801 1663 1041 1728 fumantibus
1065 1664 1143 1728 aris

184 1751 390 1837 Aurigeris
414 1751 541 1817 divom
563 1753 768 1837 placantes
790 1752 947 1816 numina
969 1752 1095 1817 tauris

182 1835 257 1904 Sub
289 1841 453 1924 platano
485 1841 715 1924 umbrifero,
746 1841 834 1905 fons
866 1840 962 1904 unde
992 1845 1145 1905 emanat

926 1933 1056 2013 aquai

182 2015 360 2081 Vidimus
383 2017 531 2082 inmani
554 2018 682 2103 specie
701 2021 889 2101 tortuque
913 2016 1115 2082 draconem

182 2103 427 2189 Terribilem,
445 2105 552 2171 Iovis
572 2109 614 2171 ut
631 2106 746 2190 pulsu
764 2109 991 2190 penetraret
1005 2105 1050 2170 ab
1065 2127 1145 2188 ara3

100 2235 101 2240 κ
183 2191 1144 2279 Quiplataniinramofoliorumtegminesaeptos

183 2279 384 2367 Corripuit
402 2283 549 2367 pullos,
572 2304 666 2366 quos
685 2305 767 2348 cum
786 2285 1029 2348 consumeret
1044 2285 1145 2366 oct0,

182 2367 292 2434 Nona
322 2391 437 2455 super
465 2372 633 2435 tremulo
662 2371 842 2456 genetrix
869 2371 1053 2455 clangore
1082 2391 1145 2433 vo·

932 2458 1056 2540 labat,

184 2544 252 2610 Cui
274 2546 382 2611 ferus
405 2546 552 2611 inmani
575 2547 743 2612 laniavit
765 2547 916 2612 viscera
938 2567 1074 2611 morsu.

182 2633 304 2718 Hunc,
332 2635 398 2699 ubi
424 2639 503 2699 tam
530 2640 686 2700 teneros
713 2635 886 2700 volucris
909 2638 1144 2717 matremque
1165 2648 1198 2694 er

879 2722 1056 2808 peremit,

183 2809 255 2885 Qui
277 2811 356 2876 luci
380 2812 567 2895 ediderat,
591 2812 746 2897 genitor
769 2810 975 2876 Saturnius
998 2811 1096 2875 idem

183 2898 349 2963 Abdidit
372 2903 410 2964 et
433 2900 526 2965 duro
550 2900 736 2965 formavit
759 2900 929 2986 tegmine
952 2898 1044 2963 saxi.

182 2985 262 3052 Nos
281 2991 409 3052 autem
427 2989 556 3053 timidi
571 2993 722 3052 stantes
736 2987 916 3052 mirabile
931 2990 1145 3052 monstrum

98 3093 124 3132 rs
182 3073 358 3140 Vidimus
381 3075 420 3140 in
442 3077 579 3141 mediis
604 3077 730 3142 divom
753 3077 947 3141 versarier
970 3075 1057 3140 aris.

183 3163 275 3227 Tum
299 3162 465 3228 Calchas
492 3165 585 3231 haec
613 3169 673 3230 est
698 3164 841 3229 fidenti
863 3185 954 3230 voce
977 3165 1145 3229 locutus:

183 3250 400 3327 ‘Quidnam
440 3256 660 3339 torpentes
703 3254 834 3319 subito
876 3252 1145 3337 obstipuistis,

895 3340 1057 3406 Achivi?

182 3427 306 3493 Nobis
324 3429 418 3493 haee
437 3433 622 3512 portenta
640 3431 748 3494 deum
768 3429 873 3494 dedit
891 3429 975 3514 ipse
993 3432 1146 3494 creator

183 3515 1146 3602 Tardactseranimis,sedfamaaclaudeperenni.
