2526 3880
308 112 376 169 Lus.
396 113 445 167 111.
465 113 541 169 cAP.
562 119 676 169 15-17.
694 119 710 177 s
728 119 842 171 38-44.
1015 116 1078 180 121

83 257 210 342 desierit,
232 261 266 323 et
289 279 351 346 ego
374 258 497 324 discam
519 256 668 322 libenter.
704 255 775 334 Quo
794 257 891 324 modo
909 280 995 324 nunc
1014 259 1082 343 qui·

83 347 148 410 dem
172 350 232 431 est,
260 367 328 411 non
355 347 463 431 video,
490 367 554 430 quo
581 349 678 431 paeto
700 346 772 430 ille,
799 346 851 412 eui
875 347 930 411 ‘in
952 351 1083 412 monte

83 434 212 500 Oetaeo
234 434 376 500 illatae
399 433 600 519 lampades
621 433 797 517 fuerint',
823 438 862 500 ut
885 435 932 500 ait
953 433 1081 520 Accius,

83 523 130 588 ‘in
155 523 301 588 domum
329 525 526 588 aeternam
553 521 696 607 patris’
724 544 764 588 ex
791 523 850 588 illo
874 523 989 588 ardore
1011 544 1081 608 per-

54 612 210 695 evenerit3
233 632 330 696 quem
352 614 464 676 tamen
481 609 644 676 Homerus
668 610 755 695 apud
776 609 899 676 inferos
917 611 1082 677 conveniri
1193 611 1197 620 '

79 699 152 764 feeit
181 700 222 765 ab
252 698 362 782 Ulixe,
395 699 479 766 siout
511 702 649 782 ceteros,
682 699 738 783 qui
770 704 973 767 excesserant
1004 699 1081 764 vita

79 785 283 872 Quamquam,
303 809 399 872 quern
417 787 625 873 potissimum
638 785 813 853 Herculem
827 788 981 872 colamus,
1000 788 1081 853 scire
1100 803 1135 852 46

77 897 148 941 sane
165 876 280 960 velim3
302 876 406 961 pluris
426 875 512 940 enim
525 875 661 940 tradunt
674 876 770 941 nobis
783 875 816 960 ii,
840 877 896 960 qui
909 876 1081 941 interiores

78 968 258 1030 scrutantur
285 972 318 1030 et
340 964 524 1030 reconditas
548 964 691 1048 litteras,
718 964 982 1049 antiquissimum
1004 963 1082 1030 Iove

38 1057 197 1136 onasum,
225 1068 281 1118 seu
308 1069 389 1117 rtem
411 1051 489 1119 Iove
518 1052 761 1136 antiquissim03
787 1074 865 1117 nam
887 1051 981 1118 Ioves
1006 1073 1083 1136 quo·

76 1163 132 1224 que
162 1141 269 1226 pluris
301 1140 336 1205 in
367 1140 483 1226 priscis
512 1139 711 1206 Graecorum
743 1141 863 1206 litteris
890 1140 1082 1206 invenimus.

74 1228 119 1294 Ex
142 1250 180 1294 eo
203 1229 307 1315 igitur
331 1231 364 1294 et
385 1227 542 1313 Lysitho‘e'
566 1232 617 1294 est
638 1229 667 1293 is
690 1226 847 1294 Hercules
854 1279 863 1313 ,
892 1251 987 1313 quern
1010 1251 1083 1294 con·

73 1317 245 1382 certavisse
269 1339 343 1382 cum
365 1315 520 1402 Apolline
544 1316 583 1382 (16
605 1317 735 1402 tripode
759 1317 950 1402 accepimus.
986 1316 1083 1381 Alter

72 1406 211 1470 traditur
238 1403 317 1470 Nilo
343 1408 441 1470 natus
463 1405 660 1492 Aegyptius,
688 1426 784 1489 quem
807 1406 899 1470 aiunt
920 1404 1083 1491 Phrygias

36 1511 59 1550 1⁵
72 1495 199 1559 litteras
228 1494 469 1578 conscripsisse.
513 1493 643 1558 Tertius
672 1497 723 1558 est
750 1515 789 1558 ex
816 1492 923 1558 Idaeis
949 1493 1083 1579 Digitis,

71 1584 118 1648 cui
147 1581 284 1647 inferias
312 1581 471 1647 adferunt.
518 1580 660 1657 Quartus
683 1580 771 1647 Iovis
800 1586 851 1646 est
872 1587 902 1649 et
923 1580 1083 1665 Asteriae,

70 1670 215 1736 Latonae
239 1670 371 1754 sororis,
395 1670 451 1754 qui
473 1668 552 1754 Tyri
575 1670 716 1734 maximo
738 1669 867 1755 colitur,
889 1670 979 1736 cuius
1002 1667 1084 1734 Kar·

69 1759 240 1845 thaginem
263 1758 367 1822 filiam
389 1757 508 1824 ferunt.
554 1756 693 1833 Quintus
715 1757 751 1822 in
772 1757 881 1841 India,
905 1758 960 1842 qui
982 1757 1082 1823 Belus

70 1848 196 1912 dicitur.
243 1844 359 1912 Sextus
387 1846 441 1912 hic
468 1869 507 1910 ex
533 1845 706 1929 Alcmena,
734 1868 830 1930 quem
854 1845 1003 1932 Iuppiter
1030 1868 1083 1933 ge·

35 1936 153 2019 anns,
181 1932 239 2000 sed
266 1944 383 2000 toruus
406 1933 567 2020 Iuppiter,
599 1935 766 2020 quoniam,
792 1939 831 2000 ut
857 1935 924 1999 iam
952 1935 1083 2019 doceb0,

68 2023 173 2110 pluris
196 2023 292 2089 Ioves
315 2022 415 2088 etiarn
439 2023 630 2108 accepimus.

135 2110 272 2187 Quando
304 2111 389 2176 enim
419 2133 471 2176 me
500 2111 536 2175 in
562 2111 648 2177 hunc
675 2112 784 2178 locum
812 2112 944 2179 deduxit
966 2113 1083 2196 oratio,
1095 2082 1135 2208 14}

68 2200 192 2266 docebo
218 2199 356 2265 meliora
379 2222 430 2265 me
454 2199 604 2265 didicisse
627 2200 666 2264 de
690 2199 832 2265 colendis
856 2201 905 2266 dis
928 2201 1083 2267 inmorta-

68 2290 156 2354 libus
188 2288 260 2352 iure
292 2287 459 2373 pontificio
488 2291 521 2352 61
548 2309 638 2353 more
665 2287 826 2353 maiorum
854 2289 1082 2374 capedunculis

33 2391 56 2433 ²⁵
67 2377 124 2462 iis,
152 2397 234 2462 quas
258 2373 368 2441 Numa
394 2375 490 2441 nobis
513 2376 659 2461 reliquit,
687 2375 727 2440 (16
750 2377 867 2460 quibus
890 2378 926 2441 in
946 2378 1007 2441 illa
1030 2399 1083 2442 au·

67 2467 160 2532 reola
182 2464 390 2530 oratiuncula
412 2464 492 2531 dicit
513 2463 653 2548 LaeliuS,
677 2487 775 2550 quarn
798 2465 980 2530 rationibus
999 2461 1082 2529 Stoi-

68 2576 190 2620 corum.
231 2550 267 2618 Si
290 2552 376 2618 enirn
399 2575 458 2618 vos
482 2575 608 2637 sequar,
631 2552 690 2637 dic,
714 2553 792 2637 quid
812 2553 843 2617 ei
860 2552 1082 2638 respondeam,

69 2643 125 2727 qui
147 2663 201 2706 me
224 2641 272 2707 sic
294 2645 402 2727 roget:
426 2637 461 2705 Si
484 2641 517 2706 di
540 2645 626 2725 sunt,
649 2645 767 2706 suntne
790 2641 890 2706 etiam
909 2640 1082 2726 Nymphae

69 2730 170 2796 deae?
199 2729 229 2794 si
252 2727 439 2816 Nymphae,
460 2728 590 2795 Panisci
614 2729 713 2794 etiarn
737 2733 770 2794 et
792 2726 926 2812 Satyri?
962 2728 1007 2793 Hi
1030 2752 1083 2794 au·

32 2831 56 2873 ³⁰
68 2823 136 2884 tem
157 2840 227 2884 non
250 2821 340 2901 sunt,
361 2839 402 2882 ne
419 2816 592 2903 Nymphae
612 2818 717 2899 [deae]
737 2817 867 2902 quidem
884 2816 1008 2903 igitur?
1036 2817 1084 2881 At

69 2929 181 2973 earum
206 2907 331 2991 templa
354 2909 430 2971 sunt
452 2905 581 2991 publico
603 2910 682 2972 vota
705 2908 738 2971 61
761 2905 916 2970 (16116616.
961 2903 1012 2970 Ν6
1035 2927 1083 2970 ce

68 2995 132 3060 teri
161 2995 294 3079 quidem
320 3015 398 3080 ergo
426 2994 472 3078 di,
502 3014 640 3078 quorum
667 2994 792 3079 templa
815 2997 891 3058 sunt
914 2992 1082 3060 dedicata?

67 3083 141 3171 Age
163 3105 279 3169 porro,
301 3081 413 3148 Iovem
435 3085 469 3147 et
486 3081 676 3168 Neptunum
699 3082 794 3148 deum
816 3103 982 3167 numeras;
1005 3104 1083 3169 ergo

69 3173 169 3238 etiarn
198 3171 314 3256 Orcus,
344 3170 447 3236 frater
474 3192 600 3255 eorum,
628 3171 720 3254 deus,
748 3174 781 3235 et
807 3170 872 3255 illi,
900 3171 956 3254 qui
983 3171 1083 3237 fluere

32 3261 156 3416 us
178 3257 1136 3433 6.(6666666666616·44

156 3400 167 3433 ν
424 3398 434 3432 r
930 3397 937 3412 ·

70 3438 202 3523 quidem
225 3435 468 3522 repudiandum.
504 3435 555 3502 Ne
573 3435 675 3502 Orcus
700 3435 829 3524 quidem
851 3435 961 3522 igitur.
999 3433 1083 3511 Quid
