2630 3890
204 163 271 228 ‘230
547 161 596 215 DE
615 159 856 216 DIVINATIONE

204 328 316 372 eorum
342 306 376 371 vi
403 305 527 371 oaelum
550 304 646 370 modo
669 305 744 389 hoo,
771 304 867 370 modo
889 305 948 370 illo
971 304 1068 370 modo
1090 308 1212 390 tempe·

203 397 306 478 ratur,
325 393 381 478 qui
399 396 509 478 potest
527 393 639 457 eadem
657 393 707 458 vis
726 414 796 458 esse
813 392 1024 478 nescentium,
1042 415 1116 458 eum
1130 392 1213 458 oaeli

204 484 299 547 tanta
326 482 370 546 sit
398 481 649 546 dissimilitudo?
681 480 721 544 In
742 481 793 545 his
817 481 911 565 loois,
939 503 1021 566 quae
1043 503 1103 546 noa
1126 481 1213 546 inco

203 570 314 654 limus,
344 572 427 654 post
448 568 625 634 solstitium
653 567 808 634 Canicula
835 569 991 651 exoritur,
1021 573 1055 633 et
1082 569 1213 654 quidem

204 658 331 743 aliquot
350 656 471 740 diebus,
495 660 530 722 at
548 657 634 741 apud
648 655 875 743 Troglodytae,
897 660 935 721 ut
954 657 1115 742 scribitur,
1134 661 1212 722 ante
1241 677 1253 715 a
1302 701 1303 730 ,

204 745 396 829 solstitium,
422 747 473 829 ut,
502 744 531 809 si
553 745 618 809 iam
642 746 853 810 concedamus
877 745 1001 829 aliquid
1022 746 1088 810 vim
1112 745 1214 810 caele·

204 838 289 900 stem
313 834 354 898 ad
376 854 445 917 eos,
472 832 527 916 qui
549 833 584 897 in
606 837 694 898 terra
717 833 909 920 gignuntur,
936 833 1112 918 pertinere,
1140 856 1214 898 eon-

203 921 360 988 fitendum
388 921 431 985 eit
453 921 520 984 illie
539 919 613 1006 eos,
642 921 698 1005 qui
719 924 897 987 naseuntur
920 922 1033 986 eodem
1055 925 1214 1006 tempore,

204 1031 300 1096 posse
322 1009 358 1073 in
380 1008 546 1073 dissimilis
570 1009 709 1074 incidere
731 1013 865 1074 naturas
889 1012 1023 1094 propter
1046 1010 1127 1074 caeli
1150 1010 1214 1073 dis-
1300 1039 1301 1042 ¹

205 1097 463 1180 similitudinem
491 1097 577 1182 quod
600 1097 732 1162 minime
753 1097 821 1168 illis
844 1097 965 1182 plaeet3
987 1097 1103 1162 volunt
1126 1097 1214 1162 enim
1230 1117 1256 1156 1⁰
1300 1117 1301 1152 1

151 1186 256 1299 45illi
279 1185 383 1251 omnis
407 1185 519 1250 eodem
540 1189 688 1270 tempore
711 1189 811 1270 ortos,
833 1185 889 1270 qui
910 1186 1030 1270 ubique
1049 1186 1116 1250 sint
1132 1185 1215 1268 nati,

152 1274 317 1361 94eadem
341 1273 526 1338 condicione
543 1274 642 1339 nasei.
679 1271 742 1338 Sed
760 1296 842 1359 quae
859 1277 954 1338 tanta
972 1274 1135 1338 dementia
1153 1277 1215 1357 est,

205 1366 242 1427 ut
270 1362 306 1426 in
334 1361 494 1426 maxumis
524 1362 666 1427 motibus
697 1362 995 1447 mutationibusque
1022 1363 1103 1426 caeli
1128 1361 1214 1427 nihil

204 1449 348 1532 intersit,
375 1449 431 1534 qui
458 1453 587 1533 ventus,
615 1449 671 1535 qui
692 1450 810 1534 imber,
838 1472 920 1534 quae
943 1454 1120 1535 tempestas
1143 1451 1214 1514 ubi-

206 1560 267 1624 que
291 1537 356 1602 sit‘?
380 1559 516 1622 quarum
539 1560 646 1603 rerum
669 1538 704 1602 in
725 1539 891 1623 proxumis
915 1538 995 1603 loois
1017 1541 1131 1603 tantae
1149 1538 1213 1602 dis·
1230 1559 1255 1598 15

206 1625 434 1691 similitudines
458 1648 553 1711 saepe
576 1629 666 1710 sunt,
688 1629 725 1690 ut
749 1627 814 1690 alia
836 1627 977 1710 Tusculi,
1001 1625 1066 1692 alia
1088 1626 1214 1691 Romae

205 1714 334 1779 eveniat
354 1735 450 1798 saepe
467 1717 659 1799 tempestas3
683 1715 778 1799 quod,
801 1715 857 1799 qui
873 1715 1040 1800 navigant,
1063 1737 1214 1779 maxume

206 1802 482 1886 animadvertunt,
505 1824 577 1867 oum
599 1803 634 1866 in
650 1803 822 1878 ,flectendis
844 1803 1079 1888 promunturiis
1102 1806 1215 1868 vento-

205 1912 278 1956 rum
300 1891 498 1955 mutationes
517 1913 684 1954 maxumas
704 1912 799 1976 saepe
818 1891 972 1955 sentiunt.
1003 1889 1093 1956 Haeo
1110 1891 1213 1976 igitur
1302 1927 1303 1966 3

205 2000 279 2045 oum
306 1977 350 2042 sit
377 1981 447 2042 tum
475 1979 644 2062 serenitas,
671 1982 742 2043 tum
769 1979 972 2063 perturbatio
999 1979 1094 2063 oaeli,
1121 1983 1213 2043 estne
1229 1999 1255 2037 ao

206 2088 359 2131 sanorum
381 2066 548 2130 hominurn
572 2067 633 2132 hoo
656 2067 697 2130 ad
719 2067 920 2131 nascentium
940 2070 1031 2132 ortus
1049 2067 1213 2152 pertinere

204 2176 272 2220 non
294 2155 398 2219 dicere
418 2155 517 2238 [quod
534 2176 600 2219 non
618 2159 704 2219 uerte
722 2155 887 2239 pertinet],
908 2155 992 2219 illud
1007 2155 1116 2220 neseio
1136 2154 1214 2240 quid
1302 2161 1303 2226 l

205 2247 315 2327 tenue,
343 2243 428 2327 quod
456 2242 570 2307 sentiri
595 2242 687 2307 nullo
715 2243 824 2327 modo,
852 2243 999 2330 intellegi
1027 2247 1136 2308 autem
1159 2243 1214 2307 vix

205 2334 327 2417 potest,
356 2352 438 2414 quae
466 2352 485 2394 a
508 2331 586 2394 luna
608 2331 786 2415 ueterisque
806 2331 964 2396 sideribus
985 2331 1070 2396 ¹caeli
1091 2335 1213 2416 tempe
1302 2337 1303 2404 i

205 2419 290 2485 ratio
312 2419 380 2502 fiat,
404 2419 508 2484 dicere
531 2419 571 2483 ad
594 2439 767 2504 puerorum
786 2423 876 2484 ortus
895 2419 1079 2504 pertinere?
1107 2417 1212 2495 Quid?
1227 2439 1253 2478 25

206 2507 292 2593 quod
313 2529 380 2572 non
401 2507 598 2593 intellegunt
621 2507 780 2571 seminum
802 2507 882 2591 vim,
910 2529 992 2591 quae
1015 2507 1057 2572 ad
1079 2507 1213 2593 gignen-
1245 2548 1250 2554 ·

206 2595 281 2660 dum
305 2595 601 2681 procreandumque
623 2595 799 2680 plurimum
822 2596 939 2679 valeat,
960 2595 1107 2660 funditus
1127 2595 1213 2679 tolli,

206 2683 375 2748 mediocris
400 2683 517 2748 erroris
541 2683 613 2747 est?
646 2681 725 2759 Quis
744 2684 830 2748 enim
847 2705 913 2748 non
931 2683 1020 2748 videt
1038 2687 1071 2747 et
1088 2683 1213 2750 formas
1302 2687 1303 2750 J

206 2774 240 2837 et
269 2793 376 2836 mores
408 2774 442 2834 et
472 2771 644 2855 plerosque
676 2775 781 2836 statue
810 2793 847 2837 aa
874 2775 983 2837 motus
1012 2771 1165 2857 effingere
1193 2795 1214 2837 a
1302 2787 1303 2790 ’

205 2858 395 2945 parentibus
414 2859 556 2924 liberos?
580 2859 665 2944 quod
682 2882 749 2926 non
767 2860 979 2945 contingeret,
1003 2860 1031 2924 si
1049 2860 1128 2924 haee
1145 2881 1213 2925 non
1226 2876 1251 2916 ³0

205 2947 255 3012 vis
279 2950 312 3012 et
333 2949 450 3011 natura
474 2947 677 3032 gignentium
701 2948 851 3032 efficeret,
874 2948 930 3012 sed
953 2947 1146 3033 temperatio
1166 2949 1213 3012 lu-

152 3045 187 3097 ae
205 3057 266 3099 nae
298 3035 441 3119 caelique
471 3035 659 3101 moderatio.
700 3034 804 3112 Quid?
833 3036 917 3120 quod
947 3058 1011 3101 uno
1039 3039 1072 3100 et
1099 3036 1213 3101 eodem

206 3122 362 3207 temporie
393 3125 514 3208 punoto
544 3124 616 3187 nati
647 3123 812 3194 dissimilis
840 3128 873 3188 et
904 3128 1038 3190 naturas
1066 3127 1099 3188 et
1126 3125 1212 3189 vitas

110 3242 111 3246 ¹
206 3214 240 3274 et
270 3231 363 3276 casus
395 3211 532 3296 habent,
568 3233 724 3296 parumne
756 3212 900 3276 deelarat
930 3212 1012 3276 nihil
1044 3211 1085 3276 ad
1116 3233 1212 3298 agen-

206 3297 281 3363 dam
303 3298 406 3363 vitam
427 3298 580 3364 nascendi
602 3303 731 3383 tempus
753 3300 937 3384 pertinere?
962 3300 1027 3365 nisi
1047 3299 1133 3365 forte
1155 3323 1212 3384 pu·
1226 3317 1251 3358 ee

205 3388 313 3450 tamus
336 3386 498 3451 neminem
513 3385 632 3450 'eodem
655 3390 802 3471 tempore
823 3388 895 3473 ipso
919 3390 952 3451 et
970 3391 1160 3471 conceptum
1179 3390 1212 3452 et

205 3476 333 3554 natum,
361 3495 425 3558 quo
448 3472 646 3538 Africanum.
692 3469 779 3537 Num
807 3475 879 3558 quis
901 3475 1004 3558 igitur
1027 3474 1104 3539 talis
1125 3473 1211 3538 fuit?
