2610 3894
1101 7 1130 46 Ρ

351 144 420 198 ΜΒ.
438 144 486 201 111.
511 143 587 199 cns.
608 151 720 200 rc-rr.
739 150 755 210 s
774 149 888 199 cc-cc.
1062 145 1127 210 125

114 288 229 356 Fontis
253 288 423 353 delubrum
440 286 533 353 Maso
556 309 596 353 cx
614 285 748 353 Corsica
771 288 940 373 dedicavit,
963 288 1053 353 etin
1072 311 1127 356 au·

116 398 234 462 gurum
264 376 449 462 precatione
482 375 684 460 Tiberinum,
721 374 910 461 Spinonem,
942 376 1126 462 Almonem,

114 465 294 547 Nodinum,
325 464 391 529 alia
412 465 670 550 propinquorum
692 464 862 530 fluminum
884 465 1018 530 nomina
1040 465 1127 530 vide·

115 575 196 618 mus.
242 552 332 639 Ergo
359 552 421 617 hoc
449 556 506 616 aut
534 552 569 617 in
595 552 779 618 inmensum
809 556 931 638 serpet,
959 556 1016 617 aut
1041 553 1126 618 nihil

87 643 234 708 chorum
256 640 457 725 recipiemus,
480 662 538 706 nec
555 640 615 705 illa
632 640 762 705 infinita
779 642 864 706 ratio
884 641 1125 726 superstitionis

115 728 318 816 probabitur,
363 727 457 793 Nihil
479 749 558 814 ergo
581 728 698 794 horum
721 729 925 814 probandum
948 733 1007 794 est.
1136 781 1176 844 2,

182 817 337 884 Dicamus
359 817 471 903 igitur,
493 815 606 901 Balbe,
630 821 760 902 oportet
782 821 897 883 contra
918 817 995 883 illos
1017 817 1126 902 etiarn,
1145 860 1178 908 53

115 907 172 991 qui
198 905 260 971 hos
289 905 365 970 deos
389 926 428 969 ex
450 904 619 970 hominum
643 927 759 991 genere
781 905 817 970 in
839 907 965 970 caelum
988 907 1127 972 transla·
1154 973 1157 980 ,

114 998 169 1061 tos
198 1015 266 1058 non
292 1015 341 1077 re,
369 993 425 1058 sed
452 993 604 1077 opinione
632 1015 703 1058 esse
731 993 856 1078 dicunt,
883 1014 964 1078 quos
989 999 1127 1080 auguste

77 1103 101 1142 ιο
116 1104 229 1148 omncs
252 1084 426 1165 sancteque
449 1103 648 1146 veneramur.
684 1081 849 1166 Principio
867 1080 962 1147 Ioves
985 1085 1053 1146 tres
1071 1105 1128 1147 nu·

115 1173 245 1236 merant
262 1169 296 1252 ii,
319 1169 375 1254 qui
393 1169 541 1256 theologi
557 1169 777 1254 nominantur,
796 1191 835 1234 ex
854 1170 971 1254 quibus
985 1170 1128 1255 primum

116 1264 150 1325 et
174 1258 350 1324 secundum
371 1261 466 1323 natos
484 1257 520 1322 in
537 1257 687 1342 Arcadia,
710 1259 850 1322 alterum
867 1262 962 1343 patre
976 1258 1128 1342 Aethere,

116 1368 258 1501 {iul-ll
267 1345 378 1499 lile
389 1345 507 1499 133„
507 1368 528 1430 Ρ
530 1346 618 1499 hp„
640 1345 1127 1500 {lttrfttlitlttit’

77 1543 102 1582 1⁵
118 1545 217 1609 quam
244 1458 348 1608 princi
371 1543 423 1586 ern
450 1525 484 1587 et
504 1456 718 1587 inlentrgicem
742 1522 821 1587 belli
842 1521 966 1607 fenmt,
993 1486 1129 1588 tertiunl

116 1612 321 1694 Cretensem,
344 1545 477 1675 latomi
499 1611 617 1695 filium,
640 1610 729 1676 cuius
751 1611 787 1674 in
810 1611 870 1675 illa
892 1610 1000 1676 insula
1023 1610 1129 1696 sepul·

116 1722 208 1767 crum
231 1698 421 1764 ostenditur.
458 1695 664 1782 Διόσκουροι
687 1698 787 1764 etiam
811 1699 897 1784 apud
912 1697 1028 1764 Graios
1048 1699 1129 1763 mul·

116 1789 161 1854 tis
192 1787 297 1852 modis
326 1787 545 1852 nominantur.
594 1786 696 1851 Primi
723 1790 805 1870 tres,
836 1786 893 1871 qui
920 1788 1130 1872 appellantur

117 1877 245 1941 Anaces
268 1875 417 1959 Athenis,
440 1896 479 1939 ex
501 1895 578 1961 rege
595 1874 673 1940 Iove
697 1874 924 1960 antiquissimo
948 1879 981 1941 et
998 1875 1130 1941 Proser·

30 2043 33 2050 Ι
77 1982 104 2022 2⁰
118 1966 198 2052 pina
219 1964 303 2047 nati,
331 1963 571 2048 Tritopatreus,
593 1963 774 2047 Eubuleus,
796 1962 975 2049 Dionysus,
999 1964 1130 2029 secundi

117 2053 196 2119 Iove
218 2051 318 2117 tertio
340 2051 411 2116 nati
434 2055 468 2115 et
489 2050 590 2135 Leda,
617 2049 735 2117 Castor
758 2054 792 2116 et
813 2050 946 2136 Pollux,
967 2052 1060 2117 tertii
1082 2052 1130 2117 di-

118 2144 236 2208 cuntur
268 2162 288 2205 a
318 2160 384 2204 non
414 2139 515 2204 nullis
543 2139 626 2204 Alco
654 2143 687 2204 et
714 2139 896 2226 Melampus
924 2143 958 2205 ct
986 2139 1130 2225 Tmolus,

118 2228 214 2294 Atrei
235 2227 305 2312 filii,
327 2227 384 2311 qui
406 2226 526 2312 Pelope
548 2231 646 2302 natus
668 2227 740 2292 fuit.
776 2226 847 2294 Iam
869 2227 982 2293 Musae
1004 2227 1130 2314 primae
1149 2241 1183 2290 54

120 2320 277 2402 quattuor
298 2314 376 2380 Iove
399 2316 504 2380 altero
526 2319 637 2400 natae,
660 2315 849 2400 Thelxinoe,
870 2315 990 2400 Aoede,
1012 2315 1130 2400 Arche,

78 2424 104 2465 rs
118 2405 247 2488 Melete,
269 2403 427 2469 secundae
444 2403 521 2469 Iove
544 2404 642 2469 tertio
662 2408 696 2469 et
712 2403 922 2489 Mnemosyne
940 2407 1130 2489 procreatae

117 2516 247 2577 novem,
269 2493 386 2558 tertiae
408 2491 503 2558 Piero
525 2495 623 2558 natae
646 2495 680 2557 et
702 2492 856 2578 Antiopa,
879 2513 960 2576 quas
983 2491 1129 2556 Pieridas

119 2586 154 2648 et
175 2580 299 2646 Pierius
329 2582 435 2645 solent
462 2585 579 2665 poetae
607 2581 787 2666 appellare,
813 2581 917 2645 isdem
943 2579 1130 2645 nominibus

119 2675 154 2736 et
179 2668 291 2735 eodem
312 2689 457 2752 numero,
480 2690 544 2753 quo
567 2670 733 2754 proximae
756 2669 948 2755 superiores.
985 2665 1130 2752 Cumque

118 2763 158 2823 tu
190 2755 313 2841 Solem,
345 2756 423 2841 quia
452 2758 541 2822 solus
574 2762 673 2842 esset,
705 2758 906 2843 appellatum
934 2777 1005 2822 esse
1032 2756 1131 2842 dicas,

80 2862 107 2903 ⁸⁰
120 2845 214 2912 Soles
236 2845 301 2930 ipsi
323 2867 421 2929 quam
444 2844 541 2909 multi
564 2867 583 2909 a
601 2845 766 2932 theologis
784 2845 1006 2931 proferuntur]
1037 2843 1130 2910 Unus

120 2957 234 3000 eorum
260 2932 336 2998 Iove
362 2937 473 3016 natus,
500 2954 601 3017 nepos
628 2933 796 3018 Aetheris,
824 2935 908 2999 alter
936 2932 1131 3019 Hyperione,

119 3023 239 3088 tertius
261 3020 422 3106 Volcano,
444 3020 515 3085 Nili
536 3021 620 3105 filio,
647 3021 737 3087 cuius
760 3022 875 3087 urbem
897 3020 1054 3108 Aegyptii
1075 3043 1131 3088 vo

119 3113 194 3178 lunt
217 3131 287 3175 esse
311 3131 391 3193 eam,
414 3131 496 3193 quae
514 3108 698 3194 Heliopolis
721 3110 916 3195 appellatur,
939 3113 1075 3195 quartus
1093 3109 1132 3194 is,

121 3221 218 3284 quem
249 3197 387 3263 heroicis
419 3200 487 3262 tem
511 3197 621 3263 oribus
649 3198 800 3264 Acantho
828 3197 936 3263 Rhodi
966 3198 1132 3284 peperisse

83 3303 108 3343 ⁸⁵
123 3287 250 3370 dicitur,
274 3337 281 3349 .
301 3335 308 3350 .
327 3335 334 3349 .
356 3283 467 3371 Ialysi,
486 3221 620 3370 Camiri,
642 3285 747 3370 Lindi,
769 3284 886 3368 Rhodi,
909 3286 1051 3370 quintus,
1074 3286 1131 3370 qui

122 3373 253 3441 Colchis
279 3373 384 3438 fertur
406 3373 543 3439 Aeetam
569 3377 603 3440 et
625 3373 754 3452 Circam
778 3373 1008 3459 procreavisse.
1053 3351 1185 3439 Vol·22

122 3463 195 3530 cani
216 3463 297 3527 item
320 3461 516 3546 complures,
537 3463 662 3548 primus
685 3461 784 3527 Caelo
806 3464 918 3546 natus,
947 3483 986 3527 ex
1010 3482 1074 3546 quo
1097 3464 1132 3526 ct
1150 3429 1184 3478 ⁶⁵
