2610 3894
351 175 895 244 fflmfflfflmmwu
1068 175 1132 242 m

118 317 203 394 Quid
226 320 360 422 crgo?
350 321 408 385 isti
431 321 512 406 doli,
535 321 635 423 quid?
658 321 837 405 machinae,
861 321 959 406 quid?
981 321 1133 386 fallaciae

117 408 398 494 praestrigiaeque
425 431 505 474 num
532 411 601 475 sine
629 411 756 476 ratione
780 431 850 475 esse
873 411 1072 495 potuerunt?
1106 409 1132 474 Ο

116 496 324 581 praeclarum
346 519 463 562 munus
488 499 633 564 deorum!
657 503 695 563 ut
717 498 873 564 Phormio
891 499 997 584 possit
1016 499 1133 563 dicere.

186 601 286 668 Cedo
311 625 452 688 senem,
475 604 551 669 iam
569 604 768 670 iustrdcte
787 607 877 669 sunt
895 605 946 668 mi
963 603 1003 668 in
1020 603 1134 669 corde

760 693 970 758 oonsilia‘
952 693 1089 757 omnia.

1145 781 1188 846 30

91 813 183 881 sSed
206 837 359 881 exeamus
383 820 437 881 et
423 816 516 880 tthea
502 819 569 901 tro,
591 817 760 883 veniamus
782 817 818 882 in
839 816 956 882 forum.
1003 815 1135 881 Sessum
1154 860 1189 908 74

117 905 145 969 it
167 908 264 990 praet
265 926 310 970 or.
350 903 434 980 Quid
456 909 495 969 ut
516 905 636 970 iudicet
622 907 697 970 tur?
730 904 793 981 Qui
810 905 1039 971 tabularium
1029 927 1136 970 moen·

119 993 213 1058 derit.
249 990 343 1068 Quod
365 992 492 1059 facinus
511 995 618 1060 occult
603 995 692 1058 tius?
724 992 764 1058 Id
782 992 872 1069 seQ.
889 991 1001 1060 Sosius
1003 994 1136 1078 ,splen-

118 1081 213 1147 didus
232 1103 330 1166 eques
344 1081 512 1146 Romanus
532 1105 570 1147 ex
589 1104 670 1168 agro
684 1081 812 1166 Piceno,
834 1083 950 1148 fecisse
969 1045 1136 1148 cohfessus

119 1173 179 1239 cst.
222 1168 285 1245 Qui
307 1170 570 1256 transscripserit
593 1170 724 1235 tabulas
747 1171 905 1256 publicas.
946 1170 985 1236 Id
1006 1192 1135 1256 quoque

80 1279 105 1318 ro
117 1257 154 1323 L
168 1257 293 1324 Alenus
306 1258 402 1343 fecit,
409 1281 482 1324 cum
496 1259 752 1345 chirographum
764 1281 822 1324 sex
835 1260 1017 1344 primorum
1030 1259 1137 1324 imita-

118 1351 173 1412 tus
197 1351 256 1413 est.
293 1345 378 1423 Quid
399 1347 463 1412 hoo
485 1347 617 1412 homine
639 1348 827 1413 sollertius?
865 1345 1034 1434 Cognosce
1053 1348 1136 1413 alias

119 1435 337 1520 quaestiones,
361 1457 432 1537 surr
422 1435 631 1538 Tolossani,
655 1436 888 1538 coniurationis
907 1436 1137 1523 Iugurthinae3

21 1649 22 1708 ,
118 1523 607 1698 {ttttdsff‘ttatdt
625 1524 1138 1699 tutltattlttlstt

21 1737 22 1766 l
79 1721 105 1760 1⁵
119 1705 191 1766 tum
208 1701 290 1766 haec
304 1701 477 1786 cotidiana,
500 1701 595 1786 sicae,
617 1702 742 1787 veneni,
764 1702 943 1787 peculatus,
962 1705 1136 1768 testamen-

21 1779 22 1836 Ὗ
119 1794 231 1855 torum
258 1789 358 1854 etiam
386 1790 460 1876 lege
482 1811 569 1855 nova
592 1791 807 1874 quaestiones.
853 1789 932 1855 hide
955 1790 1014 1854 illa
1037 1790 1136 1855 actio:

120 1895 188 1944 orn
209 1895 441 1957 consumoque
461 1895 531 1944 uuo
550 1896 694 1946 rourum
712 1895 773 1945 Alo
791 1895 935 1944 reorum
950 1896 1043 1963 ussa,
1060 1878 1147 1944 inde·

119 1970 172 2032 tot
194 1967 314 2032 iudicia
337 1967 376 2032 de
399 1966 462 2031 fide
485 1965 587 2051 mala,
609 1967 748 2052 tutelae,
771 1967 931 2050 mandati,
953 1989 1015 2052 pro
1038 1967 1136 2053 socio,

118 2055 266 2140 fiduciae,
289 2055 424 2139 reliqua,
447 2076 530 2139 quae
553 2077 592 2120 cx
615 2059 727 2140 empto
750 2059 807 2121 aut
829 2055 961 2121 vendito
985 2059 1042 2120 aut
1064 2076 1137 2120 con·

80 2163 107 2202 ²0
121 2145 218 2210 ducto
252 2147 309 2210 aut
340 2144 449 2209 locato
483 2147 598 2209 contra
625 2144 723 2208 fidem
752 2143 849 2229 fiunt,
880 2143 955 2209 iude
982 2144 1136 2209 iudicium

119 2232 288 2318 publicum
311 2232 360 2297 rei
377 2231 526 2318 privatae
544 2233 618 2317 lege
631 2232 807 2318 Plaetoria,
829 2233 904 2298 inde
923 2233 1137 2298 everriculum

120 2321 325 2387 malitiarum
358 2321 519 2404 omnium,
550 2320 706 2386 iudicium
739 2321 778 2387 de
810 2322 883 2386 dolo
916 2321 1019 2404 malo,
1051 2320 1138 2404 quod

121 2409 155 2476 O.
179 2409 360 2494 Aquillius,
382 2407 557 2474 familiaris
579 2413 702 2494 noster,
724 2409 878 2494 protulit3
906 2431 1003 2493 quem
1026 2408 1137 2472 dolum

119 2497 208 2564 idem
226 2497 393 2581 Aquillius
416 2501 488 2561 tum
510 2497 615 2562 teneri
636 2500 742 2582 putat,
765 2519 839 2563 oum
862 2497 951 2562 aliud
973 2495 1018 2561 sit
1041 2496 1137 2559 simu-

81 2604 107 2645 25
121 2588 237 2671 latum,
261 2586 349 2651 aliud
373 2590 490 2652 aetum.
526 2585 621 2652 Hanc
642 2586 746 2672 igitur
764 2589 893 2650 tantam
912 2608 932 2650 a
950 2585 999 2649 dis
1018 2583 1137 2649 inmor-
1156 2593 1189 2648 to

119 2675 245 2740 talibus
279 2674 478 2739 arbitramur
505 2674 668 2739 malorum
695 2675 868 2739 sementim
896 2694 967 2738 csse
993 2672 1138 2737 factam?

121 2761 158 2828 Si
187 2763 274 2829 enim
306 2763 468 2828 rationem
496 2762 684 2828 hominibus
716 2763 749 2828 di
777 2763 947 2847 dederunt,
975 2760 1138 2825 malitiam

121 2853 293 2935 dederuut,
316 2855 367 2916 est
390 2851 477 2916 enim
499 2851 628 2916 malitia
650 2855 783 2916 versute
806 2854 839 2915 et
856 2850 960 2915 fallax
978 2848 1064 2913 ratio
1082 2871 1138 2914 no·

121 2941 228 3024 cendi3
250 2939 349 3004 iidem
373 2940 473 3006 etiam
495 2939 529 3004 di
550 2939 699 3005 fraudem
723 2939 889 3023 dederrmt,
912 2938 1038 3003 facinus
1056 2940 1138 3003 cete

81 3045 108 3085 ³0
120 3051 232 3114 reque,
256 3050 394 3113 quorum
415 3027 500 3092 nihil
521 3049 581 3093 neo
603 3029 724 3113 suscipi
743 3028 812 3092 sinc
831 3028 958 3093 ratione
975 3047 1035 3091 uec
1054 3025 1139 3091 effici

120 3121 242 3204 potest.
289 3115 479 3182 ‘Utinam'
502 3116 614 3202 igitur,
637 3120 675 3181 ut
697 3117 757 3181 illa
781 3137 862 3181 anus
886 3119 990 3202 optat,

496 3244 542 3286 ne
565 3223 605 3287 in
626 3244 780 3288 nemore
803 3221 913 3288 Pelio
938 3221 1138 3288 securibus

194 3310 339 3378 (laesae
386 3309 624 3376 accidissent
669 3311 858 3464 abiegnalq
904 3310 950 3376 ad
994 3311 1139 3375 terram

763 3403 826 3465 tra
860 3421 912 3484 es,

122 3503 169 3570 sio
191 3505 292 3570 istam
315 3501 529 3570 calliditatem
552 3503 741 3569 hominibus
760 3503 794 3569 di
811 3525 853 3570 ne
872 3503 1050 3569 dedissent!
1076 3523 1140 3586 qua
