2590 3880
368 171 437 227 ΜΒ.
455 172 503 228 111.
524 171 600 230 OAP.
620 178 716 229 e-11.
734 178 750 238 s
768 177 881 228 21-2e.
946 170 949 177 '
1057 173 1121 236 441

38 310 40 313 ’
125 315 205 382 ditio
224 320 283 401 est,
304 318 472 382 inventum
490 320 541 382 est
558 320 858 403 temperamentum,
880 338 943 402 quo
962 316 1126 383 tenuiores

125 426 197 470 cum
228 405 427 490 principibus
459 405 592 490 aequari
627 427 662 471 se
696 410 865 491 putarent,
899 405 934 470 in
966 427 1029 490 quo
1061 427 1125 470 uno

123 492 187 560 fuit
209 493 351 558 civitatis
375 495 472 558 salus.
491 529 534 540 -
552 494 599 559 At
621 493 684 560 duo
703 492 840 560 Gracchi
861 493 1000 558 fuerunt.
1018 529 1060 540 -
1080 492 1127 558 Et

97 582 1127 754 ⁵l{li“0³1eilialuffllulllmd‘ehhllil<llilsilli

124 757 322 843 perniciosos
345 758 502 842 tribunos,
525 758 612 824 leves
635 759 747 842 etiam,
772 780 840 824 non
861 758 963 824 bonos
985 758 1127 825 fortasse

124 846 249 932 plnres3
283 846 405 912 invidia
436 846 565 931 quidem
596 868 740 912 summus
773 847 851 913 ordo
881 848 982 929 caret,
1013 845 1125 931 plebes

126 934 165 999 de
205 956 263 1000 suo
299 934 368 1000 iure
403 936 601 1020 periculosas
637 935 859 1001 contentiones
894 935 1002 999 nullas
1037 933 1126 998 facit.

126 1022 230 1099 Quam
261 1023 304 1088 cb
335 1045 404 1088 rem
431 1028 488 1089 aut
517 1023 665 1110 exigendi
693 1045 787 1110 reges
815 1044 882 1088 non
909 1022 1041 1087 fuerunt
1070 1025 1127 1086 aut
1145 1039 1179 1087 25

86 1131 112 1171 ιο
124 1111 214 1197 plebi
240 1133 289 1196 re,
314 1133 381 1176 non
406 1112 505 1177 verbo
533 1111 638 1176 danda
664 1112 813 1195 libertas3
840 1133 922 1196 quae
947 1114 1059 1176 tamen
1081 1109 1127 1174 sic

126 1201 203 1265 data
226 1202 285 1283 est,
306 1203 344 1264 ut
366 1200 477 1264 multis
500 1202 649 1265 institutis
670 1199 937 1285 praeclarissimis
960 1199 1127 1266 adducere

125 1293 193 1373 tur,
219 1292 257 1353 ut
280 1288 468 1354 auctoritati
490 1288 671 1373 principum
694 1288 828 1353 cederet.
872 1286 996 1352 Nostra
1019 1290 1179 1356 autemll

126 1399 237 1461 causa,
264 1398 359 1461 quae,
387 1381 519 1462 optume
546 1381 579 1441 et
602 1375 795 1441 dulcissume
815 1374 932 1459 frater,
959 1375 1071 1441 incidit
1093 1375 1129 1439 in

126 1465 332 1531 tribuniciam
355 1469 560 1550 potestatem,
582 1464 665 1529 nihil
687 1464 802 1529 habuit
822 1463 1037 1530 contentionis
1055 1485 1128 1529 cum
1168 1458 1171 1463 ’

26 1599 29 1603 -
87 1571 113 1612 1⁵
126 1554 309 1637 tribunatu,
330 1574 396 1618 non
420 1554 506 1618 enim
527 1554 639 1638 plebes
662 1553 798 1618 incitata
818 1552 940 1616 nostris
963 1551 1059 1616 rebus
1082 1552 1128 1615 in-

125 1642 221 1726 vidit,
253 1642 309 1706 sed
340 1641 470 1707 vincula
501 1642 610 1706 soluta
638 1645 714 1705 sunt
746 1645 778 1705 et
806 1639 939 1705 servitia
967 1639 1129 1705 concitata

126 1731 277 1797 adiuncto
310 1734 433 1796 terrore
465 1729 564 1794 etiam
596 1729 740 1794 militari.
784 1727 898 1813 Neque
928 1727 1023 1794 nobis
1055 1749 1129 1793 cum

125 1821 186 1885 illa
216 1822 287 1884 tum
317 1821 410 1904 peste
442 1821 605 1883 certamen
634 1817 711 1901 fuit,
742 1817 799 1882 sed
831 1838 904 1882 cum
935 1815 1129 1903 gravissimo

126 1909 174 1973 rei
195 1907 344 1995 publicae
366 1910 525 1992 tempore,
552 1906 604 1972 cui
625 1907 689 1971 aisa‘
711 1905 894 1989 cessissem,
919 1927 986 1971 non
1008 1905 1129 1969 diutur-

87 2011 113 2051 20
126 2018 204 2062 num
240 1995 387 2061 beneficii
426 1995 490 2060 mei
519 1995 629 2080 patria
659 1993 801 2059 fructum
831 1994 971 2060 tulisset.
1019 1992 1128 2078 Atque

126 2085 206 2150 haec
228 2106 337 2148 rerum
360 2083 464 2148 exitus
488 2083 655 2167 indicavit3
682 2083 753 2167 quis
778 2082 863 2147 enim
885 2103 952 2148 non
973 2081 1068 2147 modo
1092 2081 1129 2145 li·

127 2173 195 2256 ber,
215 2174 268 2238 sed
289 2192 400 2236 servus
422 2172 574 2237 libertate
597 2171 714 2257 dignus
736 2171 809 2255 fuit,
831 2171 883 2237 cui
904 2174 1018 2236 nostra
1040 2170 1128 2235 salus

127 2283 204 2327 cara
224 2281 291 2325 non
317 2261 423 2325 esset?
459 2259 581 2334 Quodsi
603 2260 632 2323 is
656 2281 748 2325 casus
770 2259 886 2324 fuisset
908 2280 1025 2342 rerum,
1048 2280 1128 2342 quas
1147 2273 1181 2322 26

127 2370 187 2434 pro
220 2347 325 2414 salute
356 2347 403 2412 rei
435 2348 583 2432 publicae
615 2348 787 2434 gessimus,
819 2351 856 2412 ut
884 2368 951 2411 non
980 2347 1129 2411 omnibus

88 2451 115 2493 ²⁵
128 2440 242 2523 gratus
270 2440 369 2519 esset,
396 2439 430 2499 et
456 2436 485 2500 si
511 2457 571 2501 nos
598 2435 817 2500 multitudinis
842 2434 981 2499 furentis
1006 2434 1130 2499 inflam-

128 2529 219 2590 mata
239 2524 361 2590 invidia
383 2524 562 2609 pepulisset
583 2524 820 2608 tribuniciaque
841 2522 945 2587 visin
961 2545 1013 2589 me
1031 2544 1130 2608 popu-

128 2613 211 2697 lum,
234 2613 318 2678 sicut
341 2611 505 2677 Gracchus
527 2612 562 2676 in
583 2611 772 2696 Laenatem,
795 2608 988 2676 Saturninus
1010 2613 1045 2675 in
1065 2609 1131 2676 Me

128 2703 259 2785 tellum,
280 2701 458 2784 incitasset,
480 2700 647 2784 ferremus,
669 2723 689 2766 o
712 2700 830 2784 Quinte
851 2699 963 2783 frater,
985 2699 1130 2765 consola·

128 2793 304 2874 renturque
321 2811 381 2854 nos
394 2811 460 2855 non
473 2792 542 2854 tam
555 2788 751 2874 philosophi,
770 2788 826 2873 qui
838 2788 977 2853 Athenis
989 2788 1129 2872 fuerunt,

88 2895 116 2935 ³⁰
130 2878 186 2963 qui
207 2878 270 2943 hoc
291 2876 396 2944 facere
420 2877 550 2961 debent,
579 2899 675 2962 quam
699 2876 873 2942 clarissimi
894 2876 970 2961 viri,
993 2877 1049 2960 qui
1070 2877 1130 2941 illa
1167 2927 1169 2930 .

128 2967 208 3031 urbe
231 2967 318 3052 pulsi
340 2988 448 3032 carere
470 2966 601 3052 ingrata
618 2965 750 3030 civitate
768 2987 865 3050 quam
884 2966 1067 3030 manerem
1083 2965 1130 3029 in·

127 3054 233 3140 proba
260 3055 452 3120 maluerunt.
497 3054 687 3139 Pompeium
714 3075 792 3119 vero
815 3053 901 3138 quod
922 3075 987 3118 una
1008 3053 1074 3117 ista
1095 3053 1131 3117 in

128 3165 164 3208 re
189 3164 256 3208 non
278 3143 325 3207 ita
346 3142 441 3208 ualde
463 3143 596 3228 probas,
624 3141 678 3207 vix
701 3142 782 3208 satis
805 3141 886 3206 mihi
907 3140 989 3205 illud
1011 3141 1129 3206 videris

130 3231 309 3314 attendere,
336 3253 403 3296 non
426 3232 532 3296 solum
555 3231 598 3314 ei,
621 3230 698 3314 quid
721 3235 807 3295 esset
829 3229 1001 3315 optimum,
1022 3230 1131 3295 viden·

90 3335 116 3376 ³⁵
130 3320 206 3384 dum
228 3319 338 3404 fuisse,
361 3319 417 3384 sed
440 3320 539 3385 etiam
562 3318 640 3403 quid
657 3318 882 3384 necessarium,
919 3315 1026 3384 Sensit
1045 3319 1130 3382 enim

130 3407 239 3473 deberi
256 3430 323 3473 non
340 3429 437 3494 posse
450 3408 525 3472 huic
539 3408 665 3473 civitati
678 3408 771 3473 illam
784 3410 994 3493 potestatem3
1012 3407 1131 3492 quippe

128 3518 227 3581 quarn
250 3501 343 3562 tanto
367 3518 464 3582 opere
486 3497 625 3581 populus
647 3502 759 3562 noster
780 3496 929 3582 ignotam
947 3496 1133 3582 expetisset,
