2590 3880
205 177 248 243 36
516 174 566 228 rm
584 173 910 231 urrumusouuu

203 323 284 388 ilem
302 319 471 405 eorporis?
503 317 569 386 Cur
586 319 698 406 igilur,
716 340 791 384 eum
805 318 921 385 ceteris
935 319 1032 384 rebus
1046 317 1217 385 inferiores

205 411 321 493 simus,
352 409 460 475 forme
491 429 586 493 peres
617 407 750 472 sumus?
787 407 828 473 ud
855 406 1103 472 similitudinem
1130 407 1218 471 enim

151 550 195 614 35
206 499 339 565 deorum
357 497 491 582 propius
511 495 684 562 accedebat
701 495 845 560 humens
863 495 968 560 virius
988 517 1087 580 quum
1102 495 1218 581 figure

152 628 185 677 97
205 587 259 652 An
282 585 455 672 quiequam
478 588 547 648 tam
569 584 693 668 puerile
717 583 780 649 dici
801 587 912 670 potest
938 579 991 669 (ui
1012 583 1150 648 eundem
1173 584 1219 648 lo·

205 696 278 740 eum
311 673 433 738 diutius
463 669 627 759 urgeam),
660 694 757 757 quam
780 672 810 735 si
831 693 871 736 ea
893 692 1014 758 genera
1037 672 1219 756 beluarum,
1244 692 1253 731 s
1278 699 1279 716 1

206 785 288 848 quae
311 762 345 826 in
368 761 467 825 rubro
491 760 575 824 mari
596 759 730 826 Indiave
754 760 942 846 gignantur,
963 759 1057 824 nulla
1079 781 1152 825 esse
1176 760 1220 824 di·
1278 837 1279 848 χ

205 849 338 916 eamus?
384 848 488 932 Atqui
518 869 560 912 ne
592 847 804 913 curiosissimi
834 848 964 933 quidem
991 847 1141 913 homines
1171 871 1220 913 ex-

206 937 363 1024 quirendo
382 937 493 1001 audire
511 940 581 1000 iam
599 936 704 1001 mulia
721 940 868 1021 possunt,
892 958 990 1021 quam
1009 940 1086 1001 sunt
1105 937 1221 1022 mulis,

206 1048 289 1111 quse
306 1029 404 1109 terra,
423 1024 515 1109 mari,
533 1024 716 1108 paludibus,
734 1025 922 1090 fluminibus
942 1024 1119 1110 exsistuni3
1138 1047 1221 1109 quae

205 1134 361 1199 negemus
395 1134 479 1197 esse,
511 1112 587 1197 quie
617 1134 795 1197 numquam
827 1112 990 1178 vidimus?
1035 1111 1115 1198 Ipsa
1143 1135 1219 1180 vero
1233 1077 1279 1171 ul

207 1224 305 1287 quam
322 1200 405 1265 nihil
424 1201 553 1266 adrem
570 1200 722 1285 pertinet,
741 1222 823 1285 quae
841 1222 900 1266 vos
914 1200 1056 1266 delectui
1068 1201 1221 1285 maxime,

206 1289 399 1355 similitudo!
445 1288 552 1364 Quid?
584 1288 674 1355 canis
700 1311 807 1355 norme
835 1289 952 1354 similis
980 1289 1082 1374 lupo?
1112 1293 1221 1374 eique,

205 1382 244 1443 ul
265 1377 401 1460 Ennius,

251 1499 370 1566 Simia
384 1522 494 1585 quam
509 1500 666 1585 similis,
679 1500 1220 1584 turpissumebeslia‚nobisl

208 1648 243 1710 ul
269 1664 377 1708 mores
404 1642 439 1705 in
465 1645 604 1726 utroque
632 1641 787 1725 dispares.
832 1641 1018 1727 Elephenio
1046 1642 1221 1708 beluarum
1235 1659 1254 1699 1⁵

155 1745 188 1796 98
206 1733 299 1798 nulla
320 1730 524 1816 prudenii013
547 1732 583 1794 ai
605 1729 711 1815 figure
734 1751 816 1814 quae
837 1730 986 1795 vastior?
1030 1729 1081 1796 De
1104 1731 1222 1796 bestiis

207 1823 339 1905 loqu0r3
362 1818 462 1903 quid?
486 1817 572 1881 inter
588 1817 679 1901 ipsos
697 1817 845 1883 homines
863 1840 971 1884 norme
990 1821 1024 1883 ei
1043 1819 1222 1884 simillimis

206 1909 322 1974 formis
356 1906 501 1992 dispares
533 1926 640 1970 mores
673 1909 706 1970 ei
737 1907 883 1971 moribus
916 1906 1087 1972 simillimis
1113 1908 1223 1994 figura

208 1995 397 2062 dissimilis?
433 1992 565 2058 Etenim
585 1993 613 2057 si
632 1993 739 2078 semel,
762 1993 878 2078 Vellei,
902 1994 1096 2080 suscipimus
1117 2017 1222 2082 genus

207 2086 270 2151 hoe
293 2081 490 2170 argumenti,
514 2081 654 2165 attende,
678 2104 741 2167 quo
765 2085 883 2168 serpsi.
929 2082 979 2147 'Pu
1002 2083 1088 2148 enim
1111 2105 1221 2150 sume·
1235 2101 1278 2152 ²⁰.

207 2174 268 2238 bus
290 2171 354 2236 nisi
376 2171 411 2234 iu
432 2169 574 2234 hominis
595 2170 703 2256 figura
721 2171 882 2236 rationem
900 2170 1006 2236 inesse
1024 2193 1091 2236 nou
1109 2194 1224 2257 posse3

208 2264 316 2326 sumel
338 2259 422 2324 alius
444 2257 509 2322 nisi
531 2257 567 2323 iu
588 2258 746 2342 terrestri,
768 2259 833 2323 nisi
851 2258 885 2323 in
903 2280 952 2343 eo,
975 2259 1031 2343 qui
1048 2263 1148 2325 nutus
1168 2262 1223 2344 sii,

207 2349 273 2414 nisi
289 2348 325 2412 iu
342 2368 390 2432 ee,
414 2346 470 2431 qui
488 2345 675 2430 adoleverit,
697 2346 762 2411 nisi
778 2347 814 2411 in
833 2368 880 2431 eo,
903 2347 959 2432 qui
978 2346 1134 2432 didiceris,
1157 2350 1224 2414 nisi

208 2439 243 2503 in
266 2458 314 2521 eo,
336 2435 392 2520 qui
415 2457 454 2499 ex
477 2434 585 2499 animo
609 2438 736 2500 constet
758 2438 793 2500 ei
815 2456 950 2520 corpore
973 2435 1093 2502 caduco
1117 2440 1152 2501 ei
1175 2437 1224 2502 in·
1277 2441 1278 2496 Ξ

208 2527 314 2610 firmo,
335 2526 502 2609 postremo
520 2522 585 2587 nisi
602 2523 638 2587 in
655 2523 786 2588 homine
805 2526 903 2607 eique
921 2523 1063 2589 mortali.
1098 2524 1224 2600 Quodsi
1236 2541 1256 2582 ²⁵
1277 2501 1278 2594 l

208 2615 245 2681 iu
267 2612 417 2679 omnibus
435 2611 487 2675 his
506 2611 602 2675 rebus
622 2610 764 2694 obsistis,
788 2610 865 2695 quid
884 2614 943 2696 esi,
967 2612 1053 2696 quod
1066 2616 1101 2678 ie
1114 2612 1225 2680 forma

209 2724 275 2768 una
306 2699 499 2767 conturbet?
540 2697 601 2763 His
634 2699 720 2762 enim
750 2699 913 2783 omnibus,
946 2721 1027 2784 quae
1055 2704 1224 2788 proposui,

211 2789 371 2855 adiunctis
388 2788 424 2852 in
441 2786 572 2852 homine
590 2787 751 2851 rationem
769 2807 840 2850 esse
858 2790 892 2851 ei
909 2791 1052 2852 meniem
1072 2789 1225 2877 videbam

211 2877 328 2960 quibus
360 2874 514 2941 detractis
547 2873 642 2939 deum
670 2877 781 2939 tamen
811 2896 908 2940 nosse
939 2879 973 2940 ie
1001 2876 1093 2961 dieis,
1124 2881 1223 2945 modo

210 2964 402 3029 liniamenta
433 2965 594 3027 maneant.
643 2960 715 3027 Hoe
746 2966 797 3026 esi
822 2983 890 3028 non
915 2964 1133 3051 considerare,
1167 2971 1257 3033 sed³⁰

161 3065 193 3114 99
213 3051 306 3136 quasi
329 3050 449 3136 sortiri,
472 3049 550 3135 quid
571 3050 713 3134 loquare.
749 3048 823 3114 Nisi
844 3049 930 3116 forie
951 3073 993 3117 ue
1010 3053 1073 3118 hoe
1091 3054 1224 3138 quidem

212 3138 368 3222 silendis,
393 3159 461 3203 nen
488 3136 583 3202 modo
606 3137 641 3200 in
662 3136 806 3223 homine,
837 3138 893 3203 sed
916 3140 1015 3204 eiiam
1037 3141 1072 3204 in
1095 3143 1224 3229 arbore,

212 3225 364 3309 quiequid
401 3246 673 3311 supervacaneum
705 3225 749 3289 sii
780 3228 837 3291 sul
867 3248 963 3292 usum
993 3250 1061 3293 non
1091 3229 1224 3317 habeat,

214 3314 353 3380 obstare.
390 3311 494 3388 Quam
517 3313 690 3378 molestum
713 3316 764 3378 esi
786 3336 850 3380 uno
871 3314 975 3401 digiio
993 3317 1068 3401 plus
1084 3317 1223 3386 hebere!

214 3399 297 3477 Quid
328 3400 398 3466 ila?
443 3400 526 3476 Quis
557 3422 616 3466 nee
645 3401 750 3486 speeie
777 3423 835 3468 nee
862 3425 923 3468 usu
950 3403 1051 3469 alium
1078 3406 1223 3493 quinque
1236 3411 1277 3486 ³⁵]

215 3488 406 3554 desiderant.
451 3487 538 3553 Tuus
568 3492 676 3555 aulem
703 3490 780 3555 deus
803 3512 869 3556 uon
892 3491 995 3579 digito
1019 3515 1083 3558 uuo
1106 3495 1224 3564 redun·
