2596 3882
273 159 350 217 caP.
370 167 412 228 re,
431 167 473 217 ιο.
493 167 508 228 ι
526 166 639 218 43-48.
664 160 897 216 FRAGMENTA.
1029 161 1094 225 269

82 305 290 391 praesidium.
330 303 554 390 ‘Declinat'‚
576 306 691 391 inquit,
715 305 907 373 ‘atomus'.
947 303 1094 370 Primum

84 394 162 460 cur?
186 393 285 458 aliam
309 393 396 458 enim
419 394 580 478 quandam
599 394 666 459 vim
684 397 793 460 motus
811 395 978 459 habebant
995 416 1016 459 a
1032 394 1094 458 De

84 482 222 548 mocrito
245 482 448 567 impulsionis,
474 504 573 567 quam
595 483 729 569 plagam
752 483 809 548 ille
833 483 986 568 appellat,
1010 487 1094 567 ate,

84 570 232 655 Epicure,
251 570 425 656 gravitatis
444 574 478 635 et
495 571 657 656 ponderis.
689 569 778 647 Quae
796 592 874 655 ergo
893 592 979 636 nova
997 593 1095 636 causa

40 675 55 716 ⁵
83 659 119 723 in
145 662 265 744 natura
288 661 352 744 est,
380 680 462 742 qnae
486 659 626 725 declinet
648 660 815 726 atomum?
848 663 905 724 aut
925 681 1004 724 num
1028 681 1095 724 sor·

83 747 211 812 tiuntur
237 746 324 810 inter
351 767 400 831 se,
433 767 515 832 quae
542 747 695 830 declinet,
727 769 809 832 quae
835 747 923 813 non?
956 751 1013 812 aut
1038 769 1094 812 cur

83 835 218 900 minimo
242 834 405 900 declinent
427 836 612 919 intervallo,
635 836 757 901 maiore
779 836 868 901 non?
891 839 949 901 aut
969 858 1025 902 cur
1044 836 1094 900 de·

83 923 207 989 clinent
228 945 293 988 uno
316 923 460 1008 minimo,
481 945 549 988 non
567 925 728 989 declinent
747 924 871 990 duobus
891 927 948 989 aut
966 925 1094 989 tribus?

83 1011 205 1096 Optare
232 1011 296 1077 hoc
323 1013 453 1096 quidem
480 1016 543 1096 est,
571 1034 637 1077 non
660 1013 835 1097 disputare.
880 1011 968 1078 Nam
989 1033 1094 1097 neque
1112 1028 1146 1077 47

41 1118 69 1157 10
86 1099 283 1165 extrinsecus
302 1099 467 1185 inpulsam
485 1104 631 1165 atomum
649 1102 722 1167 loco
741 1102 863 1166 moveri
883 1105 916 1166 et
934 1100 1094 1166 declinare

84 1188 177 1272 dicis,
204 1209 308 1272 neque
334 1188 370 1252 in
395 1189 456 1254 illo
483 1189 586 1272 inani,
612 1211 671 1274 per
699 1189 786 1273 quod
807 1189 932 1254 feratur
956 1193 1094 1274 atomus,

83 1277 257 1362 quicquam
282 1275 384 1342 fuisse
412 1299 541 1362 causae,
569 1300 626 1343 cur
653 1299 691 1342 ea
712 1299 779 1342 non
801 1299 819 1342 e
842 1278 974 1364 regione
997 1276 1094 1342 ferre

82 1369 146 1450 tur,
168 1365 285 1430 necin
307 1364 380 1449 ipsa
403 1369 512 1431 atomo
536 1365 727 1430 mutationis
752 1366 875 1451 aliquid
892 1365 959 1430 fact
944 1369 1015 1430 tum
1035 1371 1094 1451 est,

83 1475 183 1539 quam
205 1453 247 1519 ob
264 1475 341 1518 rem
363 1455 548 1519 naturalem
572 1458 641 1519 mot
642 1476 698 1518 um
721 1453 771 1519 sui
793 1454 945 1540 ponderis
964 1458 1093 1520 nante

41 1558 70 1599 ¹⁵
82 1545 185 1606 neret
220 1539 274 1606 Ita
295 1564 367 1608 cum
393 1543 561 1608 attulisset
582 1543 708 1608 nullam
731 1565 871 1626 causam,
894 1564 976 1627 quae
995 1543 1094 1608 istam

83 1629 233 1695 declinat
209 1633 331 1696 tronem
359 1630 515 1714 efficeret,
542 1634 653 1696 tamen
679 1630 803 1715 aliquid
831 1593 894 1696 silri
921 1631 1079 1696 dicere
1048 1655 1094 1696 vr·

82 1717 186 1802 detur,
208 1740 281 1783 cum
299 1719 333 1783 id
352 1720 447 1804 dicat,
466 1719 553 1804 quod
572 1719 717 1784 omnium
735 1722 860 1784 mentes
879 1723 1093 1804 asurpernent

82 1829 122 1872 ac
152 1810 316 1891 respuant.
361 1806 431 1873 Nec
461 1829 539 1873 uero
568 1806 740 1892 quisquam
767 1807 874 1894 magis
902 1808 1092 1874 confirmare
1111 1823 1145 1872 48

82 1895 164 1960 mihi
190 1895 320 1960 videtur
345 1918 412 1962 non
435 1896 531 1962 modo
553 1895 673 1979 fatum,
699 1918 812 1961 verum
836 1895 935 1961 etiam
956 1897 1093 1963 necessi-

40 1999 68 2039 ιο
82 1987 187 2048 tatem
206 1988 239 2048 et
255 1983 323 2048 vim
337 1985 482 2050 omnium
496 2006 606 2049 rernm
620 1984 855 2069 sustulisseque
869 1989 977 2049 motus
992 1986 1093 2050 animi

81 2073 300 2157 voluntarios,
329 2095 427 2157 quam
450 2073 518 2157 hic,
541 2073 597 2158 qui
621 2073 716 2138 aliter
737 2073 897 2139 obsistere
918 2073 989 2138 fato
1011 2074 1093 2139 fate

81 2164 137 2224 tur
165 2181 199 2226 se
221 2183 287 2226 nun
309 2161 470 2247 potuisse,
496 2161 561 2226 nisi
584 2162 625 2227 ad
646 2162 707 2227 has
731 2162 974 2228 commenticias
997 2162 1093 2228 decli·

81 2248 231 2314 nationes
249 2249 459 2336 confugisset.
490 2248 587 2334 Nam,
608 2254 647 2314 ut
665 2254 774 2315 essent
792 2251 903 2335 atomi,
927 2272 1007 2335 quas
1024 2251 1092 2335 qui-

83 2337 155 2401 dem
192 2359 266 2403 esse
293 2338 375 2402 mihi
405 2338 539 2423 probari
569 2339 660 2404 ιιιιΠο
692 2339 790 2404 morlo
820 2342 944 2425 potest,
980 2343 1092 2404 tamen

39 2441 67 2482 2⁵
82 2415 232 2491 deelinat'
208 2429 314 2492 trenes
341 2426 425 2490 istae
451 2447 629 2512 numquam
657 2427 903 2512 explicarentur.
948 2425 1035 2491 Nam
1062 2427 1092 2493 si

80 2513 209 2598 atomis,
231 2518 269 2579 ut
292 2515 385 2601 gravi
386 2517 455 2578 tate
472 2513 628 2600 ferantur,
650 2516 811 2580 tributum
830 2519 881 2579 est
898 2515 1092 2581 necessitate

79 2605 140 2667 nat
141 2623 230 2685 urae,
259 2603 345 2686 quod
373 2624 467 2668 omne
494 2603 621 2688 pondus
643 2603 736 2668 nulla
757 2625 793 2668 re
815 2602 1000 2688 inpediente
1024 2625 1091 2669 mo·

79 2693 196 2756 veatur
215 2694 248 2754 et
264 2690 390 2755 feratur
408 2712 537 2756 neccsse
557 2694 615 2774 est,
634 2691 716 2756 illud
736 2713 862 2776 quoque
880 2712 1011 2756 necesse
1030 2695 1091 2776 est,

81 2777 260 2861 declinare,
282 2778 476 2862 quibusdam
499 2779 617 2844 atomis
642 2780 709 2864 vel,
739 2780 768 2844 si
789 2781 918 2863 volunt,
941 2779 1092 2845 omnibus

40 2884 66 2925 ao
80 2865 292 2932 naturaliter.
306 2916 316 2932 .
328 2913 359 2933 ..

390 3057 782 3141 FRAGMENTA

453 3187 722 3250 nurusamar.

150 3308 178 3374 1.
202 3305 322 3374 Gellius
347 3313 426 3374 nou.
447 3309 542 3374 Attio.
571 3308 644 3374 VII
660 3311 756 3375 215
782 3307 894 3391 Itaque
914 3307 963 3374 M.
986 3307 1090 3377 Cicero

80 3398 117 3462 in
135 3397 221 3476 latro,
238 3417 327 3479 quem
344 3398 381 3463 de
395 3397 464 3479 suto
481 3398 667 3480 conscripsit,
686 3417 755 3462 eum
772 3399 978 3480 pacationem
996 3399 1090 3464 istum

80 3486 191 3550 diceret
218 3486 465 3552 obscurissimum
491 3507 553 3552 esse
578 3492 608 3551 et
632 3486 915 3568 inplicatissimam,
945 3483 1089 3571 Chrysip
