2610 3894
351 175 419 232 ms.
439 175 488 232 111.
513 175 589 230 cnP.
608 181 722 231 ao-ss.
747 180 894 242 crs-81.
1069 175 1133 241 135

111 343 182 388 non
205 320 375 386 audebitis.
420 317 498 385 Non
522 319 609 386 enim
630 321 758 406 ignoro,
783 318 897 404 quanti
921 319 989 385 eius
1012 342 1131 386 nomen

112 411 249 496 putetis.
1142 459 1188 522 32

184 495 247 563 Sed
273 497 327 563 hic
352 497 481 581 quidem
503 498 594 562 locus
618 496 766 562 concludi
788 496 855 562 iam
878 500 998 582 potest.
1043 495 1132 563 Nem
1152 537 1188 586 79

114 586 144 652 si
169 585 313 652 stultitia
331 607 489 651 consensu
508 586 653 650 omnium
669 585 943 671 philosophorum
962 584 1067 651 maius
1082 591 1133 651 est

15 667 16 750 l
86 675 256 758 omalum,
284 696 381 758 quam
405 674 435 739 si
456 673 566 738 omnia
588 674 677 738 mala
700 677 733 738 et
754 673 907 739 fortunae
930 678 964 739 et
985 674 1133 759 corporis

114 787 155 828 ex
179 764 284 828 altera
305 765 399 847 parte
422 765 597 846 ponantur,
620 761 816 846 sapientiam
836 765 945 827 autem
962 783 1058 828 nemo
1079 764 1134 828 ad·

114 851 277 936 sequitur,
304 850 339 914 in
363 850 499 915 summis
522 851 619 915 malis
643 872 754 915 omnes
779 872 903 934 sumus,
932 851 1050 935 quibus
1073 873 1134 917 vos

115 944 251 1025 optume
274 939 459 1004 consultum
484 961 503 1003 a
522 939 571 1003 dis
590 938 821 1004 inmortalibus
840 937 956 1004 dicitis.
992 937 1080 1004 Nam
1096 943 1134 1005 ut

114 1028 211 1092 nihil.
223 1028 369 1112 interest,
392 1030 503 1092 utrum
523 1049 619 1092 nemo
638 1027 757 1111 valeat,
780 1049 823 1092 an
840 1048 935 1092 nemo
954 1027 1062 1112 possit
1080 1050 1134 1094 va-

75 1133 101 1172 10
115 1117 194 1200 lere,
221 1117 267 1182 sio
289 1137 356 1180 non
377 1115 550 1200 intellego,
574 1114 651 1200 quid
673 1115 814 1200 intersit,
836 1119 947 1180 utrum
969 1137 1065 1182 nemo
1090 1117 1135 1181 sit

115 1205 264 1291 sapiens,
287 1226 331 1268 an
352 1225 448 1268 nemo
473 1225 543 1268 esse
565 1203 680 1289 possit.
725 1201 776 1268 Ac
798 1225 858 1268 nos
883 1203 1012 1288 quidem
1034 1204 1134 1270 nimis

115 1294 224 1358 multa
251 1292 290 1357 de
317 1314 352 1357 re
381 1292 607 1377 apertissuma.
654 1291 788 1356 Telamo
817 1295 927 1357 autem
949 1313 1014 1357 uno
1037 1315 1135 1358 versu

115 1383 226 1448 locum
248 1384 356 1446 totum
380 1379 519 1465 conficit,
542 1403 598 1446 cur
621 1380 655 1445 di
676 1379 825 1445 homines
848 1381 1040 1467 neglegant:

185 1502 281 1568 Nam
304 1505 338 1568 si
361 1507 509 1588 curent,
536 1505 632 1569 be‘ne
656 1503 769 1588 bonis
794 1503 859 1587 sit,
883 1505 981 1568 male
1004 1505 1136 1590 malis,

706 1591 806 1675 quod
827 1595 928 1658 nune
952 1593 1071 1657 abest,

78 1752 104 1793 1s
117 1733 293 1799 Debebsnt
319 1732 371 1797 illi
395 1731 525 1818 quidem
548 1731 654 1797 omnis
677 1732 781 1797 bonos
806 1731 945 1817 efficere,
974 1733 1135 1817 siquidem

15 1871 16 1874 ,
117 1823 288 1888 hominum
321 1822 433 1908 generi
464 1821 687 1888 consulebant.
733 1818 790 1885 Sin
822 1820 856 1884 id
885 1821 1006 1906 minus,
1038 1821 1134 1888 bom‘s
1153 1833 1190 1884 80

118 1911 250 1996 quidem
273 1914 360 1975 certe
383 1911 552 1975 consulere
576 1909 747 1975 debebant.
784 1907 849 1974 Our
867 1909 971 1996 igitur
990 1911 1052 1975 duo
1070 1909 1135 1976 Sci-

118 2000 242 2085 piones,
262 1998 461 2064 fortissimos
485 2001 519 2063 et
542 1997 685 2082 optimos
707 1998 806 2081 viros,
828 1998 863 2062 in
881 1997 1043 2084 Hispania
1055 1999 1136 2065 Poe

118 2109 180 2152 nus
200 2087 385 2172 oppressit?
405 2108 461 2152 cur
474 2085 637 2150 Maximus
656 2086 774 2150 extulit
787 2087 893 2151 filium
907 2088 1134 2153 consularem?

80 2194 106 2234 2⁰
120 2198 176 2242 our
199 2175 391 2240 Marcellum
413 2174 580 2240 Hannibal
603 2174 793 2240 interemit?
816 2197 873 2240 cur
895 2171 1035 2241 Paulum
1054 2174 1136 2241 Oan-

118 2287 180 2330 nae
204 2263 429 2329 sustulerunt?
453 2286 508 2328 our
521 2262 706 2328 Poenorum
730 2263 915 2328 crudelitati
928 2264 1049 2350 Reguli
1067 2286 1136 2330 cor-

118 2375 181 2439 pus
205 2356 256 2416 est
278 2352 486 2437 praebitum?
510 2372 567 2416 eur
585 2350 777 2416 Africanum
800 2352 970 2419 domestici
992 2352 1135 2437 parietes

119 2463 187 2507 non
208 2440 380 2505 texerunt?
413 2437 476 2504 Sed
498 2439 579 2505 haee
596 2444 709 2505 vetera
726 2444 760 2504 et
778 2440 844 2505 alia
861 2441 1040 2526 permulta3
1062 2461 1137 2525 pro-

120 2530 214 2615 piora
235 2528 412 2594 rideamus.
454 2526 519 2593 Our
542 2529 720 2593 avunculus
744 2550 845 2612 meus,
867 2527 918 2594 vir
940 2527 1136 2593 innocentis·

82 2634 108 2675 2⁶
122 2638 233 2683 sumus
250 2616 400 2701 idemque
420 2616 646 2701 doctissumus,
668 2616 703 2682 P.
718 2615 871 2700 Rutilius,
894 2616 929 2680 in
947 2617 1043 2681 exilio
1063 2617 1135 2682 est?

122 2727 178 2771 cur
202 2705 323 2770 sodalis
347 2727 439 2770 meus
461 2703 652 2770 interiectus
676 2705 764 2770 domi
788 2727 878 2788 suae,
901 2701 1050 2768 Drusus?
1079 2725 1137 2770 cur

121 2793 358 2879 temperantiae
376 2793 630 2879 prudentiaeque
649 2793 813 2879 specimen
832 2796 907 2857 ante
926 2793 1137 2858 simulacrum

121 2882 243 2947 Vestae
266 2881 414 2967 pontifex
436 2881 598 2947 maximus
622 2885 673 2946 est
695 2879 732 2957 Q.
752 2879 909 2948 Scaevola
931 2881 1136 2946 trucidatus?

123 2993 179 3037 cur
207 2973 283 3038 ante
311 2970 410 3035 etiam
437 2974 490 3036 tot
515 2970 659 3035 civitatis
682 2969 845 3055 principes
869 2992 889 3035 a
912 2967 1017 3034 Cinna
1038 2969 1138 3034 inter-

86 3076 111 3116 30
123 3059 247 3144 empti?
270 3080 327 3124 cur
345 3059 491 3124 omnium
508 3057 805 3143 perfidiosissimus,
825 3055 861 3123 O.
875 3057 1009 3142 Marius,
1027 3056 1063 3134 Q.
1079 3055 1138 3122 Oa

122 3149 242 3232 tulum,
274 3147 569 3233 praestantissuma
592 3146 752 3232 dignitate
773 3145 895 3230 virum,
922 3146 1006 3211 mori
1027 3146 1138 3232 potuit

122 3236 254 3302 iubere?
300 3234 378 3299 Dies
403 3235 540 3320 deficiat,
563 3236 592 3299 si
614 3235 714 3301 velim
735 3256 917 3319 numerare,
940 3235 1057 3319 quibus
1081 3235 1138 3300 bo·
1155 3243 1193 3295 81

122 3325 174 3390 nis
191 3325 277 3389 male
296 3323 449 3409 evenerit,
470 3345 531 3388 nee
549 3323 666 3408 minus,
689 3323 718 3388 si
736 3345 995 3408 commemorem,
1020 3324 1138 3408 quibus

123 3412 282 3499 improbis
305 3411 437 3496 optime.
474 3409 540 3476 Gur
563 3409 649 3476 enim
672 3410 795 3477 Marius
819 3415 889 3476 tam
910 3412 1050 3478 feliciter
1069 3433 1140 3496 sep-

89 3515 113 3557 ³⁵
125 3501 242 3566 timum
266 3500 380 3566 consul
403 3499 492 3565 domi
515 3520 592 3565 suae
616 3521 713 3564 senex
732 3504 783 3565 est
801 3501 973 3566 mortuus?
997 3522 1054 3566 cur
1073 3521 1140 3564 om·
