2578 3874
226 159 295 215 ms.
313 161 349 215 ΙΙ.
368 157 639 228 Ausetanum,
662 159 738 214 cAP.
759 166 784 228 1,
802 167 827 214 c.
845 167 861 227 s
881 167 958 215 1—4·
1028 160 1095 224 405

83 326 167 390 quos
194 304 252 369 isti
278 303 374 368 Nilos
403 306 437 368 et
457 301 600 389 Euripos
626 307 759 388 vocant,
788 304 860 388 quis
887 294 967 389 nbn,
996 325 1094 387 quom

82 394 166 458 haec
193 392 315 476 videat,
341 392 509 457 inriserit?
544 390 673 475 Itaque,
699 395 737 456 ut
763 396 801 456 tu
826 392 925 477 paulo
953 397 1028 457 ante
1055 391 1095 456 de

83 481 158 567 lege
181 483 214 545 et
237 481 276 545 de
294 481 364 545 iure
384 479 546 545 disserens
565 480 606 544 ad
623 484 777 544 naturam
794 480 957 546 referebas
975 480 1096 563 omnia,

84 570 130 634 sic
157 569 194 633 in
219 568 272 632 his
298 568 380 652 ipsis
407 569 517 651 rebus,
545 589 628 652 quae
655 568 697 632 ad
719 569 898 652 requietem
921 569 1021 633 animi
1043 568 1096 632 de-

56 657 359 740 alectationemque
381 659 589 740 quaeruntur,
612 660 732 721 natura
754 656 948 721 dominatur.
989 656 1095 732 Quare

84 752 182 810 autea
211 745 356 809 mirabar
383 743 481 828 (nihil
508 743 595 809 enim
621 743 673 808 his
700 744 735 808 in
762 745 842 810 locis
869 745 934 809 nisi
962 765 1040 810 saxa
1062 748 1096 809 et

83 837 213 898 montes
236 833 437 919 cogitabam,
462 832 575 916 itaque
595 835 634 897 ut
655 832 809 916 facerem,
837 837 871 897 et
893 833 1095 898 orationibus

83 921 261 987 inducebar
281 921 348 986 tuis
371 925 405 986 et
426 918 604 1007 versibus),
632 921 689 985 scd
711 921 869 1005 mbabar,
895 925 933 986 ut
956 920 1035 1005 dixi,
1061 924 1095 985 tc

83 1014 155 1074 tam
181 1010 275 1075 valde
302 1009 364 1074 hoo
391 1009 463 1074 loco
492 1007 660 1091 delectari3
686 1030 771 1073 nnnc
793 1013 908 1074 contra
930 1009 1031 1074 miror
1053 1013 1096 1093 te,

46 1119 71 1158 ιο
85 1119 185 1182 quom
201 1097 307 1162 Roma
330 1097 428 1180 absis,
451 1117 589 1181 usquam
607 1097 717 1181 potius
737 1118 814 1161 esse.
850 1098 899 1163 M.
917 1096 990 1182 Ego
1009 1118 1095 1180 vero,
1114 1114 1131 1163 a

85 1208 185 1271 quom
207 1185 284 1250 licet
301 1185 407 1270 pluris
425 1184 493 1250 dies
512 1185 636 1268 abesse,
657 1186 851 1268 praesertim
869 1186 932 1251 hoo
949 1189 1096 1271 tempore

84 1274 175 1358 anni,
208 1277 242 1338 et
274 1274 508 1339 amoenitatem
540 1277 573 1337 et
604 1272 833 1338 salubritatem
859 1273 943 1338 hanc
970 1295 1096 1358 sequor,

84 1384 160 1428 raro
183 1365 293 1427 autem
315 1361 401 1426 licet.
437 1359 501 1426 Sed
522 1360 676 1425 nimirum
697 1361 834 1426 mealia
853 1382 1097 1446 quoqnecausa

85 1450 236 1533 delectat,
253 1471 335 1534 quae
354 1452 387 1514 te
405 1470 471 1514 non
491 1449 635 1534 attingit,
654 1448 736 1513 ulte.
763 1449 840 1515 Aer.
854 1447 944 1524 Quae
963 1450 1096 1514 tandem

47 1559 71 1598 1⁵
84 1539 151 1604 ista
174 1559 272 1604 eausa
295 1539 366 1602 est?
402 1538 450 1602 M.
474 1535 566 1621 Quia,
589 1538 751 1602 siveram
776 1537 920 1622 dicimus,
942 1538 1023 1603 haec
1045 1541 1098 1602 est

85 1649 159 1692 mea
186 1630 219 1690 et
247 1627 346 1690 huius
371 1625 485 1690 fratris
513 1625 577 1690 mei
605 1646 760 1710 germana
781 1625 903 1710 patria3
933 1625 988 1691 hic
1010 1626 1096 1690 enim

85 1715 152 1780 orti
175 1715 278 1798 stirpe
301 1713 529 1797 antiquissima
551 1734 676 1794 sumus,
703 1712 756 1778 hic
779 1735 886 1796 sacra,
908 1714 962 1779 hio
985 1734 1096 1799 genus,
1138 1743 1141 1748 ·

84 1804 139 1868 hic
163 1802 323 1866 maiorum
346 1802 451 1866 multa
472 1801 621 1887 vestime.
658 1799 743 1876 Quid
764 1802 882 1885 plura?
904 1801 988 1866 hanc
1006 1802 1097 1867 vides

84 1891 210 1974 villam,
232 1893 270 1954 ut
291 1911 377 1955 nunc
400 1889 530 1973 quidem
549 1893 608 1971 ests
631 1889 753 1953 lautius
771 1889 975 1954 aedificatam
992 1890 1096 1974 patris

46 1999 71 2037 ao
85 1979 193 2045 nostri
215 1978 338 2060 studio,
364 1978 420 2061 qui
443 1998 541 2061 quom
564 1981 651 2042 esset
672 1977 802 2042 infirma
824 1977 1022 2060 valetudine,
1045 1978 1098 2043 bic

85 2070 154 2132 fere
183 2069 325 2131 aetatem
352 2066 421 2152 egit
447 2065 483 2131 in
508 2065 638 2130 litteris.
677 2063 740 2130 Sed
766 2066 828 2131 hoc
855 2065 927 2150 ipso
954 2066 989 2130 in
1016 2067 1097 2150 loco,

87 2177 187 2240 quom
210 2175 290 2219 aros
312 2154 437 2219 viveret
460 2157 493 2218 et
516 2153 650 2237 antiquo
674 2175 764 2219 more
783 2176 886 2239 parva
904 2159 991 2219 esset
1008 2153 1097 2237 ville,

87 2249 124 2308 ut
142 2243 202 2308 illa
215 2241 358 2308 Curiana
374 2242 410 2306 in
424 2239 563 2325 Sabinis,
581 2265 632 2306 me
652 2243 733 2307 scito
753 2263 824 2307 esse
840 2246 964 2308 natum.
992 2239 1098 2316 Quare

86 2333 174 2396 inest
204 2331 313 2395 nescio
346 2329 424 2415 quid
455 2334 489 2394 et
519 2331 602 2394 latet
629 2330 665 2393 in
692 2330 800 2394 animo
827 2353 865 2395 ac
892 2351 989 2395 sensu
1016 2351 1098 2412 mco,

48 2438 73 2478 as
88 2442 152 2503 quo
172 2441 223 2482 me
242 2419 317 2503 plus
334 2417 389 2483 hio
402 2418 493 2484 locus
506 2417 647 2482 fortasse
661 2418 806 2500 delectet,
825 2418 984 2502 siquidem
998 2417 1098 2482 ctiam

87 2509 144 2572 illc
168 2506 428 2592 sapientissimus
450 2506 510 2589 vir,
532 2505 680 2570 Ithacam
703 2509 740 2569 ut
762 2506 894 2589 videret,
917 2505 1097 2570 inmortali·
1126 2577 1127 2582 γ

88 2601 194 2660 tatem
216 2595 372 2660 scribitur
391 2594 586 2680 repudiasse.
632 2595 708 2659 Aer.
721 2592 794 2679 Ego
818 2614 895 2658 vero
917 2592 980 2657 tibi
997 2565 1137 2694 istam?

86 2685 209 2749 iustam
237 2705 368 2748 eausam
395 2686 489 2767 puto,
518 2704 575 2746 cur
600 2678 664 2747 huc
687 2681 841 2746 libentius
864 2681 975 2746 venias
999 2685 1097 2765 atque

87 2772 173 2836 hune
201 2771 309 2836 locum
337 2770 470 2856 diliges,
498 2770 577 2855 quin
601 2770 686 2854 ipse,
709 2791 783 2834 vere
806 2770 924 2854 dicam,
952 2789 1024 2835 sum
1046 2770 1098 2834 illi

47 2877 74 2916 ³0
87 2859 187 2925 villae
216 2859 350 2923 amicior
373 2859 470 2923 modo
492 2858 599 2923 factus
623 2863 720 2942 atque
743 2857 818 2924 huic
841 2858 930 2923 omni
952 2858 1037 2942 solo,
1063 2857 1099 2922 in
1182 2899 1190 2910 ·

88 2970 153 3032 quo
176 2951 214 3011 tu
238 2950 328 3011 ortus
352 2950 385 3010 et
407 2949 596 3031 procreatus
621 2967 669 3029 es,
691 2967 861 3011 movemur
883 2947 969 3012 enim
988 2945 1097 3011 nescio

87 3058 152 3120 quo
171 3039 268 3120 pecto
288 3034 368 3099 locis
387 3034 478 3119 ipsis,
499 3034 671 3118 inquibus
691 3055 814 3118 eorum,
831 3056 911 3119 quos
931 3034 1098 3121 diligimus

6 3131 9 3190 l
88 3128 146 3189 aut
178 3123 389 3206 admiramur,
421 3121 540 3188 adsunt
571 3122 720 3207 vestigia.
764 3121 818 3187 Me
849 3123 978 3208 quidem
1007 3123 1099 3206 ipsas

7 3223 8 3226 ’
86 3213 164 3277 illae
195 3215 328 3276 nostrae
355 3209 506 3275 Athenae
536 3232 604 3275 non
631 3214 702 3274 tem
734 3210 886 3295 operibus
916 3210 1097 3297 magnificis

47 3316 74 3357 ss
88 3299 322 3384 exquisitisque
349 3298 558 3382 antiquorum
586 3299 712 3363 artibus
740 3299 902 3364 delectant
930 3320 1028 3382 quam
1050 3321 1098 3364 re·

88 3387 275 3454 cordatione
298 3408 499 3452 summorum
522 3388 679 3469 virorum,
701 3386 758 3452 ubi
781 3387 916 3470 quisque
938 3387 1098 3472 habitare,

87 3476 144 3542 ubi
163 3475 282 3559 sedere,
301 3475 358 3540 ubi
376 3475 543 3560 disputare
562 3475 606 3539 sit
620 3477 744 3560 solitus,
764 3476 971 3560 studioseque
986 3497 1097 3542 eorum
1218 3519 1220 3522 -
