2590 3880
168 165 212 230 22
477 160 526 216 DE
544 159 696 215 NATURA
710 159 870 224 ,DEORUM

10 307 11 366 l
115 323 150 372 54
170 309 292 374 exitum
318 328 386 372 non
411 307 564 391 potestis,
592 305 769 390 confugitis
792 304 834 369 ad
856 304 965 388 deum,
993 305 1083 370 cuius
1107 327 1182 390 ope-

168 419 240 463 ram
262 395 411 480 profecto
433 416 499 460 non
522 393 757 475 desideraretis,
781 393 810 457 si
831 393 1013 457 inmensam
1031 397 1064 458 et
1081 393 1181 458 inter·

169 486 328 550 minatam
349 484 385 548 in
407 482 513 547 omnis
536 482 640 567 partis
664 481 923 568 magnitudinem
946 482 1117 567 regionum
1135 482 1181 548 vi·

170 574 302 657 deretis,
329 572 365 637 in
392 593 491 656 quam
518 592 553 635 se
575 571 711 635 iniciens
734 570 861 634 animus
884 574 918 634 et
939 569 1110 634 intendens
1132 571 1181 634 ita

169 664 237 728 late
269 663 430 746 longeque
462 659 702 744 peregrinatur,
734 661 772 722 ut
793 658 919 723 nullam
946 662 1058 724 tamen
1088 677 1208 723 orama

169 750 280 816 ultimi
305 748 427 830 videat,
456 748 491 811 in
515 769 579 831 qua
600 747 707 832 possit
728 745 887 811 insistere.
932 744 972 810 In
994 745 1056 811 hac
1078 747 1182 832 igitur

168 837 378 903 inmensitate
415 835 639 916 latitudinum,
676 834 933 920 longitudinum,
971 834 1182 900 altitudinum

168 927 299 992 infinita
330 925 379 990 vis
407 923 694 988 innumerabilium
721 923 841 987 volitat
868 927 1066 1006 atomorum,
1100 939 1182 1007 quae

168 1015 339 1079 interiecto
367 1012 458 1076 inani
485 1010 716 1077 cohaerescunt
742 1016 853 1076 tamen
874 1011 960 1075 inter
983 1033 1018 1076 se
1041 1015 1075 1075 et
1098 1012 1183 1076 aliae

170 1104 252 1168 alias
277 1099 554 1185 adprehendentes
577 1099 822 1183 continuantur,
845 1122 884 1163 ex
907 1121 971 1184 quo
995 1099 1183 1165 efficiuntur
1197 1119 1223 1158 ιο

170 1213 227 1255 ece
259 1211 367 1254 rerum
394 1188 518 1253 formae
546 1191 579 1252 et
605 1188 744 1272 figurae,
777 1210 858 1273 quas
884 1209 944 1253 vos
973 1188 1057 1253 effici
1084 1210 1183 1272 posse

171 1280 240 1344 sine
267 1276 403 1343 follibus
431 1280 464 1341 et
491 1275 661 1341 incudibus
685 1298 752 1342 non
773 1277 908 1361 putatis.
952 1274 1068 1360 Itaque
1091 1277 1184 1361 inpo

171 1366 283 1432 suistis
314 1366 350 1430 in
382 1364 559 1430 cervicibus
591 1365 714 1429 nostris
744 1364 978 1449 sempiternum
1005 1363 1184 1448 dominum,

171 1477 268 1540 quem
287 1454 354 1519 dies
373 1456 406 1518 et
424 1457 537 1518 noctes
556 1453 753 1517 timeremus.
790 1451 869 1528 Quis
884 1453 971 1516 enim
984 1475 1051 1518 non
1064 1453 1184 1518 timeat

171 1544 281 1610 omnia
303 1542 528 1626 providentem
549 1546 582 1606 et
600 1541 799 1626 cogitantem
818 1544 851 1605 et
869 1540 1185 1606 animadvertentem
1198 1561 1224 1600 1⁵

171 1637 205 1698 et
232 1631 341 1697 omnia
369 1629 410 1694 ad
437 1651 471 1694 se
494 1630 656 1714 pertinere
678 1632 850 1714 putantem
872 1629 1036 1694 curiosum
1059 1634 1092 1693 et
1115 1630 1184 1715 ple

117 1739 151 1788 65
169 1743 249 1786 num
275 1719 401 1804 negotii
430 1718 547 1783 deum?
592 1717 678 1783 Hinc
705 1718 798 1782 vobis
826 1717 935 1782 extitit
957 1718 1100 1802 primum
1123 1719 1185 1782 illa

169 1808 283 1874 fatalis
305 1806 497 1890 necessitas,
525 1827 623 1890 quam
646 1805 850 1890 εἱμαρμένην
874 1805 994 1890 dicitis,
1021 1810 1072 1890 ut,
1095 1806 1207 1890 quio.

171 1897 248 1982 quid
272 1895 405 1978 accidat,
428 1894 462 1959 id
485 1917 524 1958 ex
547 1897 680 1960 aeterna
697 1893 836 1958 veritate
855 1915 1090 1978 causarumque
1109 1917 1184 1960 con-

170 1985 352 2050 tinuatione
374 1983 506 2048 fluxisse
529 1982 653 2047 dicatis.
699 1981 820 2057 Quanti
842 1986 952 2047 autem
974 1981 1054 2048 haec
1076 1982 1184 2068 philo·
1198 2001 1225 2041 2⁰

171 2073 288 2158 sophia
316 2071 519 2136 aestimanda
546 2075 609 2152 est,
638 2070 690 2136 oui
716 2074 885 2155 tamquam
909 2070 1058 2155 aniculis,
1086 2075 1120 2135 et
1141 2071 1184 2136 iis

172 2162 301 2247 quidem
323 2160 474 2243 indoctis,
495 2159 565 2224 fato
584 2159 655 2223 fieri
672 2158 843 2224 videantur
861 2159 992 2223 omnia?
1029 2157 1185 2244 Sequitur

172 2244 313 2333 μαντικὴ
339 2251 463 2332 vestra,
496 2270 578 2332 quae
600 2246 716 2312 Latine
739 2247 931 2314 divinatio
954 2247 1085 2332 dicitur,
1118 2270 1186 2332 qua

171 2341 266 2404 tanta
292 2335 500 2400 inbueremur
528 2335 772 2420 superstitione,
805 2335 833 2399 si
859 2357 919 2401 vos
947 2335 1057 2400 audire
1084 2336 1184 2400 velle

172 2448 253 2508 mus,
276 2429 314 2490 ut
327 2424 525 2508 haruspices,
549 2445 698 2509 augures,
715 2423 844 2505 harioli,
862 2427 964 2507 vates,
983 2423 1182 2520 coniectoreq
1198 2442 1224 2482 2⁵
1284 2413 1285 2464 Ὗ

118 2526 153 2575 56
171 2515 266 2581 nobis
294 2516 404 2578 essent
431 2512 565 2576 colendi.
610 2511 673 2576 His
696 2512 876 2576 terroribus
900 2512 941 2576 ab
964 2510 1107 2597 Epicuro
1131 2534 1183 2578 so-

171 2604 235 2669 luti
258 2605 291 2667 et
310 2602 346 2666 in
363 2600 551 2665 libertatem
569 2600 725 2664 vindicati
741 2621 801 2664 nec
819 2600 993 2664 metuimus
1013 2621 1077 2684 eos,
1101 2623 1184 2685 quos

171 2691 394 2776 intellegimus
428 2709 487 2753 nec
524 2688 588 2752 sibi
618 2688 740 2772 fingere
772 2688 875 2751 ullam
907 2688 1092 2754 molestiam
1123 2711 1185 2754 nec

173 2780 269 2845 alteri
306 2799 473 2862 quaerere,
509 2779 543 2840 et
571 2776 624 2861 pie
657 2780 831 2860 sancteque
863 2776 999 2841 colimus
1030 2780 1185 2843 naturam

173 2866 383 2933 excellentem
421 2868 518 2948 atque
553 2867 784 2949 praestantem.
838 2860 901 2928 Sed
935 2866 1040 2929 elatus
1073 2865 1226 2930 studioso

172 2975 286 3020 vereor
311 2975 353 3019 ne
379 2953 510 3039 longior
535 2952 662 3017 fuerim.
706 2951 789 3017 Erat
816 2955 926 3017 autem
953 2952 1086 3018 difficile
1113 2975 1185 3018 rem

173 3046 301 3107 tantam
341 3045 475 3126 tamque
515 3041 717 3125 praeclaram
757 3038 945 3105 inchoatam
984 3041 1186 3126 relinquere3

174 3151 372 3216 quamquam
398 3151 466 3194 non
492 3132 562 3193 tam
590 3128 714 3194 dicendi
736 3129 822 3193 ratio
846 3129 927 3193 mihi
948 3129 1099 3194 habenda
1120 3130 1187 3195 fuit

119 3216 472 3403 },quamqp1ngqqpa
503 3306 651 3388 comiter,
683 3307 721 3368 ut
748 3305 888 3371 solebat:
921 3305 1037 3390 Atqui,
1068 3306 1186 3392 inquit,
1200 3325 1227 3366 as

173 3393 290 3477 Vellei,
316 3393 380 3456 nisi
402 3396 440 3457 tu
463 3393 586 3477 aliquid
608 3393 753 3478 dixisses,
776 3393 860 3458 nihil
884 3416 960 3458 sane
984 3416 1023 3457 ex
1046 3416 1097 3458 me
1117 3396 1187 3478 qui·

175 3483 245 3547 dem
275 3481 386 3547 audire
412 3481 584 3566 potuisses.
629 3481 712 3546 Mihi
739 3482 825 3547 enim
851 3503 918 3547 non
940 3485 1009 3546 tam
1031 3481 1128 3547 facile
1150 3484 1188 3548 in
