2498 3880
184 108 249 172 242
534 107 583 162 DE
602 109 843 166 DIVINATIONE

184 252 314 337 quidem
341 253 441 339 digna
467 254 607 320 ducant?
643 252 713 320 Nee
740 254 826 319 enim
852 253 1005 340 ignorare
1034 255 1111 320 deus
1136 278 1186 340 po

183 345 259 424 test,
281 363 346 426 qua
369 344 476 407 mente
500 342 636 427 quisque
659 342 711 426 sit,
733 364 794 408 nec
808 341 933 407 lnistra
952 365 990 408 ao
1009 343 1079 408 sine
1095 365 1187 408 causa

184 429 261 514 quid
282 431 389 495 facere
413 431 547 517 dignum
570 431 630 496 deo
653 435 716 516 est,
741 431 829 515 quod
850 431 1006 496 abhorret
1029 429 1129 496 etiam
1148 431 1185 495 ab

183 517 327 583 hominis
349 518 542 584 constantia
577 518 639 603 Ita,
662 519 692 584 si
709 519 864 604 pleraque
883 519 1012 584 somnia
1028 523 1086 584 aut
1100 519 1186 605 igno·

184 608 299 672 rantur
316 609 374 671 aut
391 607 619 694 negleguntur,
636 611 695 673 aut
710 608 815 672 nescit
830 607 892 672 hoc
906 607 984 672 deus
1000 612 1059 672 aut
1070 608 1187 672 frustra
1208 625 1218 664 ⁵

184 695 385 760 somniorum
415 695 653 781 significatione
685 695 802 779 utitur3
834 699 867 759 et
898 695 1016 760 horum
1042 700 1186 761 nentrum

183 783 219 847 in
245 783 340 848 deum
368 783 468 867 cadit3
494 783 577 848 nihil
604 783 706 869 igitur
733 783 835 848 adeo
859 784 993 849 somniis
1018 784 1187 870 significari

182 870 351 936 fatendum
374 875 433 936 est.

129 940 182 1066 lie
249 958 338 1024 Illud
364 959 464 1025 etiam
490 960 636 1044 requiro,
663 981 733 1043 cur,
763 959 791 1023 ci
818 959 899 1024 deus
917 959 985 1024 ista
1006 961 1078 1025 visa
1098 961 1185 1026 nobis

183 1047 374 1132 providendi
391 1070 490 1114 causa
509 1049 573 1132 dat,
591 1069 657 1113 non
674 1047 889 1134 vigilantibus
902 1047 1014 1132 potius
1027 1049 1083 1113 det
1096 1071 1186 1134 quam
1197 1067 1217 1104 ιο

184 1135 428 1201 dormientibus.
467 1134 541 1201 Sive
564 1135 651 1200 enim
673 1141 825 1202 externus
847 1139 881 1200 et
904 1135 1105 1202 adventicius
1122 1136 1186 1223 pul·

184 1245 240 1288 sus
268 1224 394 1290 animos
422 1223 652 1289 dormientium
677 1227 874 1308 commovet,
901 1223 969 1290 sive
991 1247 1050 1310 per
1073 1225 1186 1311 seipsi

184 1312 286 1376 animi
308 1315 492 1396 moventur,
519 1312 587 1377 sive
610 1335 693 1397 quse
716 1333 814 1378 causa
836 1313 903 1377 alia
924 1316 984 1396 est,
1006 1335 1065 1378 cur
1085 1335 1185 1379 secun

184 1401 261 1466 dum
285 1401 427 1486 quietem
450 1401 574 1486 aliquid
595 1400 717 1484 videre,
747 1401 872 1485 audire,
898 1423 996 1486 agere
1018 1403 1185 1484 videamur,

185 1489 297 1554 eadem
315 1511 414 1555 causa
431 1490 644 1576 vigilantibus
664 1511 733 1554 esse
752 1493 898 1574 poterat;
918 1490 1015 1574 idque
1035 1490 1064 1554 si
1080 1495 1186 1556 nostra
1196 1504 1217 1544 1⁵

184 1600 281 1643 causa
299 1579 333 1643 di
351 1578 525 1644 secundum
544 1579 686 1663 quietem
703 1577 858 1661 tacerent,
874 1578 1089 1664 vigilantibus
1106 1579 1185 1643 idem

182 1665 341 1750 facerent,
367 1666 562 1754 praesertim
589 1688 662 1730 cum
686 1663 887 1751 Chrysippus
911 1666 1122 1733 Academicos
1143 1688 1184 1730 re

182 1753 299 1818 fellens
321 1756 485 1839 permulto
508 1754 648 1819 clariora
671 1757 704 1818 et
727 1755 867 1818 certiora
889 1775 960 1818 esse
984 1755 1084 1840 dicat,
1110 1776 1185 1840 quae

183 1841 397 1927 vigilantibus
416 1842 596 1926 videantur,
619 1863 717 1925 quam
736 1863 818 1926 quae
837 1843 1085 1909 somniantibus.
1115 1841 1184 1908 Fuit

183 1931 286 2016 igitur
303 1930 413 1996 divina
431 1929 643 1995 beneficentia
661 1929 799 2014 dignius,
822 1951 895 1996 oum
913 1933 1120 1997 consulerent
1135 1952 1183 1996 no
1195 1946 1215 1984 2⁰

184 2018 249 2102 bis,
272 2018 412 2084 clariora
434 2019 505 2084 visa
528 2019 604 2084 dare
626 2018 780 2104 vigilanti
803 2039 901 2102 quam
924 2020 1113 2085 obscuriora
1133 2040 1184 2105 per

185 2128 342 2172 somnum.
384 2105 476 2183 Quod
503 2107 656 2192 quoniam
682 2128 749 2171 non
775 2107 826 2190 fit,
856 2107 983 2174 somnia
1006 2108 1115 2174 divina
1134 2129 1184 2193 pu·

132 2195 297 2259 mitonds
315 2215 382 2260 non
401 2198 485 2260 sunt.
520 2195 592 2260 Iam
610 2217 687 2260 vero
708 2194 784 2279 quid
803 2215 884 2280 opus
903 2200 954 2261 est
972 2196 1184 2262 circumitione

184 2286 218 2348 et
245 2282 407 2368 anfractu,
434 2287 471 2350 ut
494 2284 538 2348 sit
559 2283 715 2348 utendum
737 2283 970 2368 interpretibus
994 2286 1183 2350 somniorum

183 2371 303 2457 potius,
327 2393 424 2456 quam
448 2372 576 2438 derecto
595 2373 682 2453 deus,
703 2371 861 2455 siquidem
879 2373 974 2436 nobis
993 2373 1182 2451 consulebat
1194 2385 1214 2426 ὓ

185 2459 282 2526 ‘Hoc
304 2459 439 2543 facito,
466 2461 537 2525 hoc
563 2481 609 2524 ne
635 2459 792 2524 feceris'
816 2459 937 2525 diceret
964 2461 1062 2545 idque
1087 2461 1182 2527 visum

184 2548 336 2634 vigilanti
358 2549 468 2636 potius
492 2570 590 2632 quam
614 2547 787 2613 dormienti
809 2548 923 2614 daret?

128 2637 174 2701 62
250 2635 321 2701 Iam
357 2658 433 2702 vero
472 2637 544 2721 quis
580 2635 685 2700 dicere
721 2637 838 2701 audeat
873 2659 952 2702 vera
983 2638 1092 2704 omnia
1121 2656 1182 2703 esse

185 2725 332 2790 somnia?
379 2725 561 2810 ‘Aliquot
593 2724 741 2789 somnia
772 2725 888 2808 vera',
921 2726 1029 2810 inquit
1059 2726 1181 2807 Ennius,

185 2813 265 2878 ‘sed
292 2813 419 2878 omnia
445 2834 609 2877 noenum
635 2834 791 2878 necesse
814 2813 897 2878 est'.
929 2812 1028 2888 ¹Quae
1052 2820 1101 2880 est
1121 2818 1213 2878 tan-³⁰

184 2901 257 2966 dem
278 2901 346 2966 ista
368 2901 556 2967 distinctio?
580 2922 663 2985 quae
684 2923 775 2985 vera,
798 2923 880 2985 quae
903 2900 990 2966 falsa
1007 2903 1126 2968 habet?
1147 2904 1183 2983 ct

184 2990 212 3053 si
234 3011 312 3054 vera
334 3012 355 3054 a
378 2989 437 3055 deo
461 2990 650 3072 mittuntur,
677 2988 764 3054 falsa
785 2989 868 3054 unde
890 2991 1090 3056 nascuntur?
1115 3011 1183 3056 nan

185 3077 212 3141 ai
236 3099 274 3141 ea
297 3099 424 3163 quoque
447 3078 565 3162 divina,
589 3076 666 3162 quid
688 3077 925 3143 inconstantius
947 3077 1029 3144 deo?
1053 3079 1128 3163 quid
1144 3079 1184 3142 in-

184 3165 295 3231 scitius
328 3170 438 3231 cutem
467 3170 519 3232 est
546 3188 643 3250 quain
671 3169 795 3230 mentes
823 3166 1013 3231 mortalium
1039 3167 1131 3232 falsis
1156 3168 1184 3229 et

183 3252 391 3320 mendacibus
414 3254 494 3320 visis
517 3254 701 3320 concitare?
725 3254 777 3318 sin
794 3275 873 3320 vera
890 3253 962 3318 visa
980 3254 1090 3320 divino
1107 3257 1182 3334 sunt,
1193 3265 1213 3305 ³⁶

182 3341 268 3406 falsa
287 3345 396 3407 autem
415 3347 448 3408 et
466 3343 577 3409 inania
594 3343 746 3426 humana,
765 3364 847 3426 quae
861 3345 910 3406 est
924 3337 989 3408 ista
1004 3340 1184 3430 designandi

183 3430 325 3515 licentia,
348 3435 384 3495 ut
406 3432 470 3498 hoe
492 3432 579 3518 deus,
602 3432 665 3496 hoe
687 3435 806 3497 natura
826 3431 941 3496 fecerit
962 3432 1074 3518 potius
1096 3451 1182 3514 quan
