2610 3894
203 119 248 184 60
514 118 565 172 nu
583 118 736 174 NATURA
753 117 911 175 necron

202 263 357 330 litudines
381 263 560 350 adiungens
584 263 695 328 omnia
715 263 751 328 in
772 263 926 348 perfectis
950 268 984 329 et
1006 265 1146 329 maturis
1165 265 1224 330 do·

202 356 255 419 cet
278 374 349 418 esse
371 352 518 436 meliora,
539 354 578 417 ut
599 351 635 416 in
657 373 740 436 equo
764 373 862 436 quam
884 352 920 416 in
942 353 1062 436 eculeo,
1085 354 1122 417 in
1140 375 1224 419 cane

203 463 302 526 quam
323 441 360 505 in
382 440 505 524 catulo,
534 439 570 504 in
591 438 662 504 viro
686 461 784 524 quam
806 441 842 504 in
863 462 979 525 puero,
1005 441 1099 525 item,
1132 441 1224 526 quod

202 529 238 594 in
266 529 357 595 omni
385 528 506 594 mundo
536 527 698 612 optimum
727 528 784 613 sit,
815 528 849 592 id
875 529 911 592 in
937 528 1082 614 perfecto
1105 529 1223 614 aliquo

149 622 302 702 creatque
330 617 483 682 absoluto
512 637 583 681 esse
610 615 741 699 debere;
773 619 825 681 est
852 619 962 681 autem
989 616 1073 681 nihil
1096 618 1223 682 mundo
1249 635 1260 674 ο

202 706 389 793 perfectius,
410 705 495 769 nihil
517 702 795 788 virtutemelius3
817 704 920 791 igitur
942 705 1055 769 mundi
1076 709 1129 770 est
1147 729 1224 791 pro·

202 795 275 880 pria
304 794 419 859 virtus.
464 791 533 858 Nec
562 813 640 857 vero
670 791 813 858 hominis
841 796 961 858 natura
988 792 1137 878 perfecta
1161 798 1223 878 est,

203 887 237 948 et
261 881 401 947 efficitur
422 885 535 945 tamen
557 880 592 945 in
614 878 746 944 homine
768 880 888 964 virtus3
911 885 1034 966 quanto
1057 882 1165 968 igitur
1187 883 1225 946 in

159 1009 163 1018 ·
203 971 325 1036 mundo
355 969 498 1034 facilius!
531 971 583 1033 est
614 989 692 1054 ergo
724 968 760 1032 in
786 990 825 1034 eo
852 969 973 1054 virtus3
1006 971 1138 1054 sapiens
1171 975 1223 1036 est

203 1058 306 1145 igitur
330 1061 363 1123 et
385 1060 561 1142 propterea
583 1056 671 1121 deus.
1236 1078 1279 1136 al

153 1149 194 1214 15
270 1145 381 1230 Atque
412 1144 473 1210 bac
505 1144 618 1209 mundi
647 1143 818 1210 divinitate
845 1149 1017 1231 perspecta
1043 1146 1234 1211 tribuenda¹

183 1237 256 1300 est
286 1233 445 1299 sideribus
476 1232 588 1314 eadem
619 1232 786 1318 divinitas,
818 1255 901 1318 quae
931 1255 971 1298 ex
999 1234 1223 1300 mobilissima
1278 1239 1279 1302 l

203 1322 444 1408 purissimaque
481 1320 624 1386 aetheris
655 1323 750 1405 parte
782 1322 975 1408 gignuntur,
1011 1344 1117 1407 neque
1152 1324 1224 1388 ulla

203 1414 374 1497 praeterea
405 1412 482 1474 sunt
512 1409 657 1474 admixta
685 1412 804 1474 natura
835 1413 970 1494 totaque
1003 1414 1081 1475 sunt
1113 1412 1223 1476 calida
1278 1407 1279 1492 l

204 1502 303 1584 atquc
325 1498 501 1584 perlucida,
523 1500 561 1562 ut
581 1519 620 1562 ea
639 1519 767 1581 quoque
785 1498 967 1563 rectissime
985 1501 1019 1563 et
1037 1499 1222 1564 animantia
1236 1518 1257 1557 1⁵
1278 1495 1279 1586 l

151 1602 186 1651 40
205 1609 276 1653 esse
306 1590 340 1651 ct
362 1586 484 1652 sentire
507 1589 605 1668 atque
628 1585 822 1672 intellegere
844 1586 1001 1651 dicantur.
1046 1587 1160 1671 Atque
1183 1611 1223 1654 ea
1278 1587 1279 1670 l

204 1673 1222 1830 ddbblldmaiitlllebbnlbebgnbladudddtldsseetlsobliilbrbensrffimlldib)

205 1852 285 1917 solis
304 1855 337 1916 et
355 1850 476 1916 candor
493 1785 664 1914 inlustrior
682 1813 733 1915 ebt
752 1873 851 1935 quam
866 1850 966 1916 ullius
981 1851 1078 1937 ignis,
1097 1853 1222 1938 quippe
1278 1869 1279 1931 ξ

205 1941 261 2025 qui
287 1941 324 2004 ia
350 1939 497 2004 inmenso
526 1937 646 2002 mundo
669 1940 738 2003 tam
761 1939 860 2025 longe
882 1939 1014 2023 lateque
1037 1940 1220 2022 conluceret,
1235 1960 1279 2028 οοξ

205 2032 238 2093 et
267 2028 295 2092 is
326 2027 394 2092 eius
425 2030 533 2092 tactus
557 2029 621 2109 est,
649 2048 716 2091 non
742 2030 780 2092 ut
807 2027 985 2112 tepefaciat
1007 2028 1130 2112 solum,
1161 2031 1220 2094 sed
1278 2039 1279 2064 ³

205 2117 305 2181 etiam
328 2136 425 2199 saepe
447 2114 630 2197 comburat,
659 2136 797 2198 quorum
818 2119 971 2180 neutrum
993 2115 1131 2199 faceret,
1153 2117 1222 2181 nisi

205 2208 293 2269 esset
310 2203 434 2289 igneus.
472 2201 595 2288 ‘Ergo',
617 2203 733 2287 inquit,
752 2203 836 2268 ‘cum
856 2204 906 2268 sol
924 2203 1038 2290 igneus
1058 2204 1102 2268 sit
1121 2203 1222 2271 Ocea-

203 2293 302 2376 nique
330 2291 439 2356 alatur
464 2290 645 2374 umoribus,
674 2291 752 2376 quia
776 2291 887 2356 nullus
914 2291 1002 2377 ignis
1026 2291 1095 2356 sine
1119 2297 1220 2377 pastu
1278 2373 1279 2378 ξ

205 2381 315 2466 aliquo
344 2381 457 2464 posset
485 2401 675 2463 permanere
682 2381 691 2463 ἦ
721 2401 852 2444 necesse
882 2382 933 2445 est
961 2383 1018 2445 aut
1045 2381 1075 2444 ei
1098 2380 1219 2446 similis
1234 2379 1279 2439 2⁵ss

205 2470 252 2535 sit
271 2468 350 2556 igni,
374 2488 471 2552 quem
494 2466 685 2532 adhibemus
709 2467 751 2532 ad
772 2490 868 2532 usum
887 2471 984 2552 atque
1002 2467 1135 2552 victum,
1158 2474 1219 2534 aut

151 2571 185 2619 41
205 2558 244 2642 ei,
268 2556 324 2642 qui
346 2555 537 2640 corporibus
561 2555 776 2620 animantium
799 2556 991 2621 continetur.
1037 2557 1142 2641 Atqui
1163 2558 1220 2624 hic

203 2649 317 2711 noster
338 2643 439 2730 ignis,
467 2665 563 2728 quem
585 2665 664 2709 usus
686 2644 774 2710 ritae
796 2644 947 2728 requirit,
977 2644 1144 2710 confector
1167 2651 1220 2711 est

204 2737 238 2798 et
261 2734 472 2816 consumptor
495 2731 652 2816 omnium,
675 2731 837 2816 idemque,
861 2754 1063 2817 quocumque
1085 2733 1220 2820 invasit,

205 2825 321 2886 cuneta
344 2820 510 2884 disturbat
533 2842 571 2885 ac
594 2820 747 2904 dissipat3
770 2824 884 2885 eontra
901 2821 959 2885 ille
978 2843 1154 2906 corporeus
1173 2824 1219 2889 vi·
1232 2842 1256 2880 ³0

204 2909 282 2972 talis
302 2911 335 2972 et
354 2907 510 2972 salutaris
529 2909 639 2973 omnia
656 2912 837 2993 conservat,
860 2908 929 2992 alit,
948 2913 1056 2995 auget,
1076 2911 1218 2976 sustinet

205 3017 365 3079 sensuque
395 2993 524 3060 adficit?
570 2994 681 3082 Negat
710 3017 789 3082 ergo
819 3017 890 3062 esse
921 2997 1068 3080 dubium,
1098 2996 1219 3065 borum

204 3083 331 3171 ignium
354 3083 405 3148 sol
428 3083 496 3148 utri
518 3082 635 3148 similis
659 3083 711 3168 sit,
734 3105 808 3149 eum
829 3084 859 3148 is
879 3107 1007 3169 quoque
1026 3084 1158 3171 efficiat,
1182 3092 1218 3154 ut

206 3171 316 3236 omnia
347 3169 485 3236 floreant
512 3173 546 3235 et
572 3170 608 3235 in
634 3192 693 3236 suo
717 3193 863 3256 quaeque
886 3193 1005 3259 genere
1026 3173 1218 3258 pubescant.

205 3258 312 3334 Quare
340 3279 412 3322 cum
439 3259 519 3324 solis
542 3258 629 3344 ignis
653 3259 771 3323 similis
794 3281 907 3325 eorum
929 3261 1056 3346 ignium
1079 3263 1138 3348 sit,
1163 3266 1254 3349 qui³⁵

205 3351 282 3412 sunt
300 3346 336 3410 in
353 3346 544 3430 corporibus
559 3346 784 3431 animantium,
808 3349 910 3413 solem
930 3370 1058 3433 quoque
1072 3352 1218 3418 animan-

205 3438 273 3499 tem
292 3454 363 3498 esse
382 3436 522 3518 oportet,
545 3437 580 3498 et
598 3433 729 3518 quidem
746 3435 874 3520 reliqua
892 3439 991 3521 astra,
1015 3459 1098 3522 quae
1113 3440 1219 3505 orian-
