2578 3874
196 151 263 216 424
591 149 641 204 DE
659 149 812 206 LEGIBUS

196 297 376 382 prodantur
403 301 449 382 et,
478 299 516 362 ut
542 295 577 361 in
603 297 675 384 lege
697 297 806 381 posui,
834 299 992 382 perpetua
1015 295 1083 360 sint
1107 316 1216 362 sacra

143 399 178 450 48
196 385 318 467 †Haec
339 386 446 470 posite
469 385 549 456 haee
571 386 644 450 iura
665 385 857 470 pontificum
879 384 1075 450 auctoritate
1098 406 1216 450 eonse-

197 477 273 539 eute
294 477 381 555 sunt,
403 479 448 558 ut,
470 495 511 538 ne
534 477 640 538 morte
662 474 766 558 patris
789 473 933 539 familias
956 493 1126 538 sacrorum
1146 495 1215 538 me·

196 563 302 628 moria
315 563 483 648 occideret,
500 562 541 630 ii·
556 564 665 626 essent
677 583 716 626 ea
730 560 890 645 adiuncta,
910 561 951 626 ad
965 582 1049 646 quos
1062 561 1213 626 eiusdem
1275 563 1276 628 l

196 655 302 716 morte
323 651 461 736 pecunia
482 651 616 715 venerit.
656 647 729 716 Hoc
750 672 815 716 uno
837 649 956 736 posito,
979 649 1066 735 quod
1089 654 1144 715 est
1167 650 1211 715 ad
1235 668 1245 707 ε
1275 689 1276 740 q

196 739 416 825 cognitionem
435 738 624 824 disciplinae
644 738 735 822 satis,
751 738 1002 803 innumerabilia
1018 741 1213 822 nascuntur,
1275 749 1276 754 ’

197 828 314 913 quibus
336 828 516 916 implentur
537 827 618 892 iuris
641 827 864 892 consultorum
886 826 977 910 libri3
1005 831 1210 911 quaeruntur

197 917 293 1001 enim,
315 917 371 1001 qui
394 916 619 1001 astringantur
641 915 751 980 saeris.
789 913 954 980 Heredum
975 935 1075 980 causa
1097 915 1210 979 iustis·

196 1004 280 1069 sima
303 1008 367 1087 est3
388 1004 481 1068 nulla
499 1008 550 1068 est
569 1003 655 1068 enim
673 1025 821 1088 persona,
845 1025 927 1088 quae
945 1003 986 1068 ad
1004 1003 1109 1068 vicem
1128 1004 1209 1085 eius,
1276 1023 1277 1062 l

194 1093 252 1177 qui
281 1114 299 1160 e
326 1092 396 1158 vita
423 1092 605 1178 emigrarit,
636 1092 770 1176 propius
798 1092 938 1157 accedat.
982 1091 1122 1175 Deinde,
1151 1091 1208 1175 qui
1222 1112 1243 1150 n

196 1184 301 1246 morte
329 1184 567 1246 testamentove
591 1179 660 1245 eius
683 1180 874 1244 tantundem
897 1179 1018 1264 capiat,
1046 1183 1208 1264 quantum

196 1289 308 1334 omnes
335 1268 479 1334 heredes.
524 1267 563 1334 Id
590 1289 717 1353 quoque
747 1268 872 1352 ordine3
905 1271 955 1332 est
981 1267 1069 1332 enim
1100 1269 1141 1333 ad
1165 1267 1207 1352 id,

196 1357 284 1440 quod
314 1358 522 1442 propositum
549 1361 613 1441 est,
644 1356 936 1422 adcommodatum.
980 1356 1093 1420 Tertio
1124 1357 1206 1440 loeo,

196 1444 341 1510 sinemo
366 1446 410 1510 ait
431 1446 535 1530 hereo,
557 1445 596 1530 ie,
619 1445 676 1530 qui
698 1445 737 1509 de
760 1445 863 1529 bonis,
887 1466 969 1528 quae
987 1444 1056 1509 eius
1074 1443 1206 1526 fuerint,

196 1554 295 1617 quom
336 1535 489 1617 moritur,
528 1555 591 1598 usu
631 1533 752 1620 ceperit
787 1533 965 1617 plurimum
999 1533 1205 1618 possidendo.
1218 1553 1241 1593 ιε

195 1619 332 1705 Quarto,
360 1623 429 1706 qui,
457 1622 603 1687 sinemo
627 1622 683 1707 sit,
710 1621 766 1706 qui
788 1621 892 1686 ullam
914 1643 984 1686 rem
1006 1622 1144 1707 ceperit,
1167 1621 1205 1685 de

144 1725 178 1773 49
197 1710 412 1775 creditoribus
436 1711 504 1775 eius
527 1710 704 1795 plurimum
727 1713 843 1774 servet.
878 1709 1035 1775 Extrema
1056 1709 1119 1774 illa
1135 1731 1205 1795 per·

196 1819 277 1862 sona
299 1801 362 1882 est,
384 1803 422 1863 ut
444 1800 487 1884 is,
509 1799 538 1863 si
560 1798 616 1883 qui
639 1799 682 1882 ei,
710 1798 765 1882 qui
787 1802 935 1863 mortuus
959 1799 1011 1881 sit,
1033 1797 1204 1882 pecuniam

195 1886 343 1950 debuerit
373 1886 559 1971 neminique
590 1908 662 1951 eam
689 1885 837 1970 solverit,
872 1886 1008 1971 proinde
1034 1886 1203 1969 habeatur,
1278 1932 1279 1960 ,

196 1974 290 2058 quasi
313 1996 385 2040 eam
408 1975 577 2059 pecuniam
599 1976 729 2060 ceperit.
1215 1995 1238 2033 a
1278 1995 1279 2038 l

143 2065 187 2130 20
261 2060 352 2128 Haec
378 2084 439 2128 nos
467 2085 487 2128 a
509 2060 667 2128 Scaevola
689 2061 858 2128 didicimus
880 2063 1017 2128 nonita
1040 2063 1203 2149 descripta

196 2151 238 2216 ab
268 2151 421 2235 antiquie.
465 2149 553 2215 Nam
578 2151 630 2214 illi
657 2151 786 2234 quidem
815 2151 867 2215 his
894 2151 1003 2216 verbis
1031 2150 1202 2217 docebant:

195 2239 302 2304 tribus
330 2239 435 2304 modis
463 2239 564 2304 sacris
593 2239 766 2324 adstringi,
793 2243 851 2303 aut
872 2238 1067 2322 hereditate,
1094 2244 1154 2306 aut
1175 2241 1202 2304 si

195 2329 352 2394 maiorem
374 2330 502 2412 partem
525 2327 679 2411 pecuniae
702 2326 823 2412 capiat,
850 2331 920 2412 aut,
946 2328 976 2392 si
998 2329 1105 2393 maior
1126 2349 1202 2414 pars

142 2429 177 2479 50
194 2416 350 2500 pecuniae
379 2417 491 2501 legata
520 2418 583 2499 est,
613 2415 642 2480 si
668 2416 742 2480 inde
769 2416 937 2500 quippiam
964 2416 1094 2501 ceperit.
1141 2414 1201 2481 Sed
1213 2433 1236 2476 a

194 2504 382 2589 pontificem
413 2524 595 2588 sequamur.
640 2503 768 2568 Videtis
798 2503 901 2589 igitur
928 2505 1038 2570 omnia
1063 2504 1200 2590 pendere

194 2613 234 2656 ex
260 2614 325 2657 uno
352 2592 426 2675 illo,
453 2592 539 2676 quod
565 2591 734 2676 pontifices
762 2614 834 2657 eum
857 2593 993 2677 pecunia
1015 2613 1109 2658 sacre
1131 2615 1200 2659 con-

193 2681 286 2766 iungi
304 2680 422 2746 volunt
439 2680 605 2764 isdemque
622 2680 721 2746 ferias
740 2684 774 2745 et
791 2680 1003 2746 caerimonias
1022 2681 1200 2746 adscriben-

194 2769 253 2834 das
275 2772 401 2854 putant.
447 2767 557 2853 Atque
580 2769 680 2834 etiam
702 2769 781 2833 dant
804 2768 866 2834 hoc
889 2767 1076 2853 Scaevolae,
1104 2791 1199 2854 quom

195 2862 245 2922 est
267 2857 413 2942 partitio,
435 2860 482 2940 ut,
504 2856 590 2922 siin
612 2860 810 2923 testamento
834 2858 970 2922 deducta
992 2858 1116 2942 scripta
1136 2875 1233 2924 nonar

195 2946 239 3010 sit
266 2946 393 3031 ipsique
421 2945 529 3009 minus
551 2945 708 3032 ceperint,
736 2967 833 3028 quam
857 2947 1008 3011 omnibus
1030 2945 1198 3012 heredibus

195 3033 412 3118 relinquatur,
444 3033 546 3099 sacris
572 3055 613 3098 ne
643 3033 829 3120 alligentur.
872 3033 913 3100 In
940 3033 1113 3101 donatione
1140 3035 1198 3101 hoe

193 3120 292 3188 iidem
315 3143 406 3188 secus
429 3120 695 3206 interpretantur,
717 3126 760 3206 et,
783 3122 869 3207 quod
890 3127 986 3208 pater
1006 3122 1149 3188 familias
1165 3124 1197 3188 in

195 3209 264 3274 eius
283 3209 466 3294 donatione,
488 3209 545 3294 qui
562 3210 597 3275 in
614 3210 717 3295 ipsine
735 3213 900 3296 potestate
919 3216 978 3295 est,
1000 3211 1196 3297 adprobavit,

195 3301 304 3362 ratum
326 3301 391 3380 est3
413 3298 501 3382 quod
523 3319 561 3364 eo
583 3298 739 3363 insciente
761 3298 886 3364 factum
908 3303 967 3383 est,
991 3299 1019 3364 si
1038 3299 1073 3363 id
1090 3299 1119 3364 is
1136 3315 1228 3366 none

141 3396 174 3444 61
195 3383 370 3468 adprobat,
398 3389 506 3449 ratum
534 3406 601 3450 non
627 3391 686 3452 est.
731 3385 793 3450 Hir
815 3387 995 3471 propositis
1018 3388 1195 3472 quaestiun-

194 3470 286 3536 culae
309 3472 432 3537 multae
450 3477 637 3558 nascuntur,
660 3495 750 3558 quas,
774 3474 830 3558 qui
847 3474 1022 3560 intellegat
1043 3470 1194 3560 †non,si
