2630 3890
371 139 439 196 LIB.
458 140 479 196 Ι.
500 139 576 196 OAP.
596 145 711 198 49-50.
729 145 744 206 ξ
765 145 913 196 109-115.
1086 141 1149 206 187

141 285 326 370 linquerent
348 285 530 369 armatique
552 284 587 349 in
610 305 689 370 agro
713 284 918 369 excubarent,
941 284 1026 369 quod
1044 289 1150 350 terrae

142 377 250 439 motus
280 374 432 457 instaret,
461 377 533 438 tu'm
563 395 635 438 cum
665 375 699 438 et
725 373 804 438 urbs
832 376 904 438 tota
931 373 1054 438 corruit
1077 377 1151 438 ote

34 501 35 504 =
142 465 252 527 monte
275 461 421 548 Taygeto
450 465 595 526 extrema
623 460 744 526 montis
775 460 869 546 quasi
895 460 1015 546 puppis
1039 461 1151 526 avolsa

143 554 201 615 est.
237 548 288 614 Ne
301 549 502 632 Pherecydes
526 549 664 634 quidem,
686 548 966 634 illePythagorac
984 549 1151 636 magister,

114 638 251 723 spotius
280 638 407 703 divinus
434 637 609 702 habebitur
636 659 734 723 quam
756 637 924 722 physicus,
952 638 1051 722 quod,
1078 659 1151 702 oum

141 726 276 791 vidisset
303 726 456 791 haustam
480 748 597 810 aquam
620 726 660 790 de
681 725 751 811 iugi
772 729 886 810 puteo,
913 729 1019 790 terrae
1042 729 1151 792 motus

143 814 224 879 dixit
246 815 377 880 instare.
413 813 483 879 Neo
504 835 581 879 vero
604 836 759 898 umquam
782 814 909 878 animus
927 813 1069 879 hominis
1087 827 1203 878 na-113

142 903 294 968 turaliter
321 903 458 986 divinat,
484 902 549 966 nisi
577 924 649 967 cum
671 902 721 966 ita
743 901 869 967 solutus
893 905 944 967 est
966 905 1000 967 et
1022 924 1152 985 vacuus,

142 995 180 1056 ut
206 991 236 1056 ei
263 990 360 1076 plane
388 990 472 1056 nihil
496 991 539 1054 sit
562 1013 636 1056 cum
658 1012 806 1075 corpore;
834 991 919 1076 quod
942 994 999 1054 aut
1021 990 1152 1055 vatibus

102 1099 129 1138 ιο
143 1079 304 1166 contingit
334 1083 391 1144 aut
415 1078 657 1144 dormientibus.
703 1077 818 1164 ltaque
841 1100 880 1144 ea
903 1078 965 1144 duo
990 1099 1110 1165 genera
1133 1101 1153 1142 a

5 1231 9 1238 .
142 1166 341 1234 Dicaearcho
364 1167 546 1252 probantur
569 1171 615 1251 et,
638 1169 676 1230 ut
699 1166 777 1251 dixi,
800 1189 821 1232 a
844 1164 1001 1251 Cratippo
1023 1171 1152 1250 nostro,

143 1256 172 1321 si
202 1260 388 1342 propterea,
420 1255 507 1340 quod
533 1277 572 1320 ea
598 1254 845 1340 proficiscuntur
874 1277 893 1320 a
922 1259 1054 1341 natura,
1087 1255 1153 1320 sint

143 1366 270 1410 summa
293 1365 384 1429 sane,
415 1343 576 1409 modone
599 1344 684 1428 sola3
712 1343 763 1407 sin
786 1346 894 1408 autem
918 1343 1001 1408 nihil
1025 1365 1096 1409 esse
1117 1343 1153 1407 in

36 1463 40 1476 ·
143 1433 368 1499 observatione
390 1435 517 1517 putant,
540 1431 645 1496 multa
667 1432 799 1515 tollunt,
823 1431 939 1516 quibus
960 1432 1049 1497 vitae
1066 1431 1152 1496 ratio

103 1539 129 1580 15
144 1521 335 1586 continetur.
372 1517 435 1585 Sed
458 1519 611 1605 quoniam
630 1519 709 1585 dant
727 1519 860 1604 aliquid,
883 1519 979 1604 idque
997 1543 1063 1586 non
1080 1543 1153 1606 par·

143 1631 220 1674 vum
231 1611 256 1692 [,
265 1609 514 1674 vaticinationes
533 1631 606 1674 cum
625 1608 785 1692 somniis],
803 1608 887 1672 nihil
901 1612 963 1692 est,
979 1609 1065 1694 quod
1080 1630 1153 1674 cum

143 1697 195 1761 his
223 1719 420 1784 magnopere
447 1718 642 1783 pugnemus,
670 1696 861 1782 praesertim
889 1718 963 1761 oum
991 1697 1070 1782 sint,
1098 1697 1154 1782 qui

144 1786 274 1851 omnino
306 1786 432 1850 nullam
465 1785 697 1851 divinationem
728 1785 877 1870 probent.
921 1785 1011 1872 Ergo
1044 1789 1077 1851 et
1106 1785 1139 1870 ii,
1155 1800 1206 1849 114

144 1896 281 1959 quorum
305 1873 405 1938 animi
428 1873 546 1959 spretis
569 1873 758 1958 corporibus
778 1873 910 1938 evolant
929 1877 1026 1959 atque
1045 1895 1153 1939 excur-

101 1980 129 2019 20
143 1965 219 2027 runt
250 1962 354 2046 foras,
386 1962 500 2028 ardore
532 1961 641 2047 aliquo
673 1961 867 2027 inflammati
899 1965 997 2047 atque
1024 1961 1154 2028 incitati

144 2055 279 2116 cernunt
305 2050 365 2115 illa
392 2050 553 2136 profecto,
581 2072 663 2135 quae
689 2050 905 2116 vaticinantes
932 2051 1155 2136 pronuntiant,

143 2138 320 2224 multisque
342 2139 439 2203 rebus
461 2139 705 2203 inflammantur
727 2139 812 2203 tales
836 2139 946 2223 animi,
969 2139 1025 2224 qui
1043 2161 1154 2224 corpo·

143 2227 233 2292 ribus
260 2249 326 2292 non
353 2226 536 2312 inhaerent,
563 2231 601 2292 ut
626 2226 664 2311 ii,
693 2227 748 2312 qui
771 2239 851 2292 sono
875 2227 1015 2312 quodam
1038 2249 1154 2294 vocum

145 2318 177 2380 et
198 2314 352 2401 Phrygiis
382 2315 531 2381 cantibus
559 2315 745 2380 incitantur.
789 2315 912 2381 Multos
939 2337 1074 2381 nemora
1101 2316 1154 2380 sil·

104 2419 130 2460 2⁵
143 2425 275 2488 vaeque,
298 2403 420 2468 multos
443 2425 554 2469 amnes
577 2407 635 2468 aut
657 2403 760 2468 maria
779 2408 993 2488 commovent,
1016 2425 1153 2489 quorum

143 2491 318 2557 furibunda
344 2513 436 2556 mens
464 2491 553 2556 videt
581 2495 656 2557 ante
683 2492 803 2576 multo,
830 2513 912 2576 quae
941 2491 1008 2556 sint
1033 2491 1153 2557 futura.

145 2577 215 2655 Quo
238 2580 278 2646 de
301 2601 419 2667 genere
442 2579 503 2644 illa
525 2583 613 2644 sunt:

880 2666 988 2733 Ehed
1010 2667 1154 2733 videte!

187 2754 389 2822 Iridicabit
416 2753 598 2822 inclitum
625 2753 810 2822 iudicium
837 2755 941 2820 inter
968 2755 1057 2820 deds
1079 2755 1154 2820 tris

905 2843 1065 2928 aliquis,

188 2929 267 3007 Quo
285 2932 431 2999 iudicio
450 2932 757 2999 Lacedaemonia
775 2932 928 3018 mulier,
951 2931 1154 2999 Furiarum

765 3024 852 3104 dna,
875 3021 1066 3086 adveniet.

102 3126 129 3166 30
143 3107 268 3173 Eodem
291 3109 377 3174 enim
400 3109 495 3174 modo
515 3111 619 3174 multa
638 3131 658 3174 a
675 3108 928 3174 vaticinantibus
948 3129 1045 3194 saepe
1063 3130 1156 3195 prae·

144 3197 231 3263 dieta
254 3201 339 3282 sunt,
361 3219 465 3282 neque
489 3198 595 3263 solum
617 3197 735 3280 verbis
759 3196 814 3261 sed
838 3196 938 3262 etiam

186 3284 390 3371 Versibus,
405 3306 500 3370 quos
514 3286 607 3351 olim
619 3285 740 3350 Fauni
754 3289 940 3370 vatesque
955 3287 1154 3351 canebant.

143 3369 301 3438 Similiter
323 3373 464 3438 Marcius
492 3378 525 3438 et
547 3373 713 3439 Publicius
741 3375 834 3438 vates
862 3374 1016 3440 cecinisse
1039 3375 1208 3441 dicun-115

142 3465 211 3547 tur5
245 3483 309 3548 quo
342 3462 380 3528 de
413 3483 531 3548 genere
551 3461 728 3548 Apollinis
762 3466 877 3547 operta
907 3463 1039 3548 prolata
1070 3466 1155 3527 sunt.
