2610 3894
380 165 449 220 Lm.
467 165 489 221 1.
515 165 591 221 osP.
611 171 690 222 2—5.
714 172 826 232 §4-9.
1043 168 1107 232 147

19 333 20 336 ¹
97 273 248 395 princeps
272 309 340 374 eius
365 309 567 395 disciplinae,
593 309 760 376 Posidonii
783 310 909 395 doctor,
932 311 1108 398 discipulus

98 397 277 482 Antipatri,
297 396 514 484 degeneravit,
531 396 717 481 Panaetius,
736 419 795 464 nec
812 402 923 464 tamen
941 421 1038 466 ausus
1058 404 1109 465 est

97 507 218 573 negare
236 485 303 551 vim
322 507 392 551 esse
412 486 585 571 divinandi,
603 486 660 552 sed
679 487 827 552 dubitare
842 509 876 552 se
890 487 980 554 dixit.
1016 487 1109 564 Quod

18 591 19 594 ’
98 574 149 639 illi
176 574 212 638 in
239 574 407 659 aliquare
429 575 644 640 invitissumis
668 572 785 640 Stoicis
809 573 919 641 Stoico
942 576 1048 642 facere
1071 577 1109 641 li-

73 663 179 747 scuit,
205 663 240 727 id
266 683 327 727 nos
354 667 392 727 ut
414 663 449 727 in
471 662 607 748 reliquis
629 663 725 728 rebus
748 663 919 748 faciamus,
946 687 967 730 a
989 662 1108 730 Stoicis

96 773 164 817 non
187 751 401 816 concedetur?
423 752 617 836 praesertim
639 773 713 817 cum
734 751 777 835 id,
801 751 840 817 de
863 774 927 837 quo
949 751 1108 819 Panaetio

18 859 19 898 1
64 917 67 921 .
96 861 164 904 non
185 839 304 923 liquet,
326 839 462 923 reliquis
486 839 629 905 eiusdem
652 840 841 925 disciplinae
865 841 945 906 solis
968 842 1039 907 luce
1062 841 1108 906 vi-

17 965 18 1018 ,
98 929 213 993 deutur
248 927 376 993 elarius.
430 925 493 992 Sed
528 929 608 994 haec
647 927 776 1013 quidem
808 929 880 994 laus
912 928 1141 995 Academiae?

96 1016 381 1102 praestantissumi
410 1016 598 1103 philosophi
625 1016 743 1082 iudicio
767 1020 800 1081 et
821 1017 1011 1083 testimonio
1035 1039 1108 1084 con-

62 1105 238 1190 uprobata
273 1107 333 1169 est.
381 1103 513 1170 Etenim
547 1105 713 1170 nobismet
747 1104 829 1190 ipsis
866 1106 1148 1191 quaerentibus,4

97 1193 176 1278 quid
198 1193 242 1258 sit
264 1193 303 1258 de
326 1192 525 1258 divinatione
547 1193 764 1276 iudicandum,
788 1193 875 1279 quod
897 1215 918 1258 a
940 1192 1107 1260 Carneade

96 1282 203 1346 multa
227 1285 321 1346 acute
344 1284 378 1346 et
400 1281 530 1366 copiose
552 1284 667 1347 contra
689 1277 816 1347 Stoicos
841 1281 1008 1367 disputata
1031 1284 1107 1368 sint,

95 1369 360 1454 verentibusque,
381 1391 423 1435 ne
444 1373 566 1434 temere
589 1371 641 1435 vel
663 1369 767 1434 falsae
790 1369 838 1434 rei
856 1370 912 1435 vel
934 1393 1002 1436 non
1024 1372 1105 1436 satis

96 1458 248 1545 cognitae
266 1458 496 1543 adsentiamur,
517 1457 700 1524 faciendum
718 1458 855 1542 videtur,
875 1462 913 1523 ut
933 1459 1107 1546 diligenter

16 1555 17 1630 ]
60 1567 84 1607 rs
97 1548 198 1612 etiam
226 1549 324 1642 atque
351 1545 450 1611 etiam
479 1550 672 1633 argumenta
699 1569 772 1611 cum
798 1548 999 1632 argumentis
1023 1569 1108 1614 com·

16 1677 17 1724 ,
96 1656 263 1721 paremus,
285 1638 323 1699 ut
344 1633 480 1701 fecimus
502 1635 538 1699 iu
560 1635 600 1700 iis
623 1635 729 1718 tribus
753 1634 862 1719 libris,
886 1657 967 1719 quos
990 1637 1029 1701 de
1051 1658 1107 1701 na·

16 1731 17 1734 ’
95 1729 172 1790 tura
194 1724 328 1788 deorum
351 1723 548 1809 scripsimus.
589 1721 676 1788 Nam
693 1744 768 1789 cum
786 1723 937 1789 omnibus
956 1725 991 1788 in
1008 1725 1106 1790 rebus

96 1812 265 1878 temeritas
288 1812 324 1877 iu
346 1811 555 1877 adsentiendo
580 1832 734 1895 errorque
756 1812 862 1896 turpis
886 1816 949 1897 est,
978 1816 1051 1877 tum
1073 1813 1108 1877 in

96 1923 134 1967 eo
166 1901 240 1966 loco
272 1900 425 1985 maxime,
455 1900 491 1965 in
524 1921 588 1985 quo
620 1899 826 1965 iudicandum
854 1903 917 1984 est,
949 1905 1107 1986 quantum

60 2010 84 2050 ro
97 1989 250 2075 auspiciis
272 1989 433 2074 rebusque
456 1988 574 2054 divinis
597 1989 812 2074 religionique
835 1987 1033 2073 tribuamus,
1056 1994 1107 2054 est

96 2079 184 2143 enim
205 2077 394 2162 periculum,
415 2099 457 2142 ne
480 2080 537 2142 aut
558 2076 717 2163 neglectis
739 2077 780 2141 iis
798 2077 900 2162 impia
917 2076 1031 2143 fraude
1049 2082 1107 2144 aut

97 2165 255 2254 susceptis
279 2165 359 2230 anili
382 2165 612 2250 superstitione
635 2165 827 2251 obligemur.

163 2253 288 2330 Quibus
311 2255 350 2319 de
372 2254 469 2318 rebus
489 2253 621 2318 etalias
640 2275 736 2338 saepe
755 2256 788 2318 et
805 2254 904 2340 paulo
924 2254 1105 2320 accuratius
1125 2289 1141 2337 8

56 2449 82 2491 2⁵
95 2340 1107 2514 ttttutffltttbtttttt.t⁸t}t¹ttitt

95 2541 169 2586 mus
193 2517 241 2606 (id
263 2519 350 2585 enim
368 2518 528 2605 superiori
546 2518 716 2604 gymnasio
734 2540 853 2584 nomen
872 2515 945 2604 est),
966 2516 1106 2604 Perlegi,

96 2609 181 2690 [ille]
204 2607 320 2692 inquit,
342 2610 435 2672 tuum
457 2607 556 2692 paulo
581 2611 656 2672 ante
678 2607 813 2672 tertium
836 2607 874 2670 de
896 2609 1015 2671 natura
1034 2606 1106 2672 deo-

95 2719 179 2780 rum,
201 2695 237 2760 in
260 2717 323 2781 quo
348 2695 526 2781 disputatio
541 2692 658 2760 Cottae
680 2716 876 2780 quamquam
894 2693 1106 2760 labefactavit

97 2783 294 2850 sententiam
308 2805 424 2869 meam,
437 2805 505 2849 uon
516 2782 663 2849 fimditus
677 2787 788 2848 tamen
801 2781 944 2848 sustulit.
975 2780 1106 2867 Optime

54 2892 82 2933 sc
96 2895 188 2957 vero,
225 2872 372 2957 inquam,
409 2871 530 2938 etenim
564 2872 635 2957 ipse
666 2869 765 2937 Cotta
800 2871 846 2936 sic
878 2870 1036 2956 disputat,
1068 2875 1105 2935 ut

98 2959 283 3027 Stoicorum
305 2961 410 3047 magis
434 2964 628 3046 argumenta
650 2959 795 3026 confutet
817 2980 915 3043 quam
936 2958 1105 3025 hominum

98 3050 207 3115 deleat
224 3049 284 3114 reli
310 3049 424 3115 'onem
455 3047 538 3114 Tum
553 3047 704 3125 Quintus:
723 3047 851 3112 Dicitur
869 3045 998 3131 quidem
1011 3047 1105 3134 istuc,

97 3137 205 3224 inquit
242 3159 262 3202 a
312 3141 393 3220 otta,
415 3140 449 3201 et
470 3158 548 3202 vero
572 3136 710 3222 saepius,
732 3135 837 3219 credo,
858 3156 899 3199 ne
922 3137 1105 3201 eommunia

97 3226 170 3292 iura
193 3225 335 3313 migrare
357 3225 520 3310 videatur,
548 3224 604 3289 sed
627 3224 733 3290 studio
757 3227 871 3290 contra
892 3220 1019 3290 Stoicos
1043 3224 1105 3289 dis-

54 3314 226 3380 asserendi
253 3314 330 3380 deos
357 3313 440 3378 mihi
466 3312 594 3378 videtur
615 3313 761 3378 funditus
783 3313 908 3378 tollere.
952 3311 1032 3378 Eius
1055 3336 1104 3378 ra·
1123 3326 1139 3374 9

96 3403 180 3468 tioni
201 3424 269 3468 non
292 3423 369 3467 sanc
391 3400 537 3466 desidero
561 3400 638 3487 quid
660 3401 885 3486 respondeam3
912 3401 993 3467 satis
1019 3401 1104 3466 enim

97 3491 230 3557 defensa
256 3490 373 3578 religio
401 3493 453 3555 est
479 3489 515 3553 in
536 3489 674 3555 secundo
697 3489 781 3555 libro
805 3512 825 3555 a
846 3489 985 3576 Lucilio,
1015 3490 1104 3555 cuius

837 3592 891 3649 10*
