2596 3882
190 149 258 205 ula.
277 147 311 204 11.
336 149 413 204 cAP.
432 155 547 204 ιι-ιι.
567 155 582 214 s
601 155 719 214 ιι-ιο,
740 148 807 204 ΜΒ.
827 150 875 204 111.
894 149 1032 205 ARGUM.
1055 151 1119 216 331
1193 144 1197 152 '

360 401 405 476 u.
435 400 596 474 ιιιιιι
624 401 872 477 nicanoris

234 575 348 674 DE
407 576 518 674 RE
577 575 1003 677 PUBLIOA

429 769 570 832 LIBER
597 773 807 835 TERTIUS.

563 929 670 940 ⁸——

174 1053 462 1116 ιιιιιιιιιιιιιιι
483 1053 709 1117 ιιιιιιιιιι
731 1049 783 1139 (ιι
801 1057 856 1119 ιι.
876 1057 925 1118 ιιι
942 1057 975 1118 11
994 1050 1060 1140 ιι).

182 1187 267 1243 Cuius
294 1187 468 1269 quaestionis
493 1205 509 1243 e
548 1188 646 1243 licatio
670 1206 734 1244 cum
754 1187 786 1243 in
808 1189 884 1244 diem
906 1191 1124 1259 consequentem

109 1258 201 1314 dilata
226 1205 314 1327 essctq,
339 1258 370 1312 in
394 1259 528 1314 tertioh
506 1203 579 1314 liiro
607 1277 711 1330 magna
728 1259 907 1316 conflictione
925 1277 970 1315 res
989 1263 1053 1314 acta
1070 1263 1123 1315 est

109 1328 242 1410 Suscepit
260 1329 335 1384 enim
352 1328 477 1383 Philus'
469 1346 530 1400 ipse
550 1330 772 1400 disputationem
789 1346 898 1399 eorum,
919 1330 968 1400 qui
986 1331 1125 1412 sentirent

109 1401 172 1456 sine
194 1399 334 1455 iniustitia
357 1399 419 1470 geri
441 1416 599 1470 nonposse
618 1400 850 1482 rempublicam,
873 1402 1124 1483 purganspraeci-

107 1473 311 1597 {labit
323 1469 522 1607 ιιιῖιιιῗιι
534 1471 705 1596 terete
709 1487 750 1595 ιθ·
765 1470 1125 1609 trumbertum

108 1629 177 1668 vcro
195 1612 327 1666 inutilem
344 1611 405 1666 veri
423 1611 562 1667 similibus
580 1612 737 1666 rationibus
755 1614 786 1667 et
799 1560 935 1682 exempilis
949 1613 1030 1668 velut
1042 1629 1124 1667 cona-

109 1681 976 1836 ιιιιιὲἓὲιιιῑὲιιῗιιξιέιιιιιιῗιιιιιιὲιιιιῗ
978 1683 1125 1808 tulta

108 1823 255 1878 inimicum
280 1840 364 1906 quam
388 1822 559 1878 iniustitiam
585 1824 708 1890 civitati,
734 1841 787 1879 nec
810 1824 923 1878 omnino
948 1824 1003 1878 nisi
1021 1841 1125 1906 magna

108 1894 221 1949 iustitia
243 1911 304 1965 geri
327 1896 377 1949 aut
400 1895 474 1948 stare
497 1911 581 1964 posse
605 1894 833 1964 rempublicam
872 1893 933 1958 Qua
950 1895 1123 1965 quaestione,

108 1967 245 2036 quantum
268 1964 337 2020 satis
355 1965 449 2020 visum
466 1967 523 2031 est,
542 1967 715 2036 pertractata
734 1965 829 2035 Scipio
848 1965 886 2020 ad
904 1966 1064 2020 intermissa
1081 1983 1125 2022 re·

107 2037 231 2091 vertitur
247 2035 402 2105 recolitque
421 2052 501 2090 suam
514 2037 599 2105 atque
614 2037 793 2091 commendat
805 2036 919 2091 brevem
937 2035 1124 2106 reipublicae

109 2106 311 2176 definitionem,
330 2123 387 2175 qua
400 2106 510 2161 dixerat
523 2123 584 2161 eam
599 2123 660 2161 esse
674 2124 734 2160 rem
747 2106 859 2176 populi;
861 2107 1015 2188 populum
1029 2110 1124 2162 autem

108 2193 168 2233 non
186 2194 296 2232 omnem
315 2178 426 2232 coetum
444 2177 642 2243 multitudinis,
662 2177 712 2232 sed
731 2177 867 2232 coetum
858 2177 927 2230 ruris
943 2194 1081 2232 consensu
1096 2181 1126 2233 et

108 2247 245 2303 utilitatis
262 2248 459 2303 communione
475 2247 613 2302 sociatum
627 2265 687 2302 csse
702 2248 879 2302 determinat.
908 2247 1000 2303 Docet
1013 2249 1124 2316 deinde,

130 2320 218 2372 uanta
236 2318 300 2372 sit
291 2336 322 2372 m
336 2319 378 2372 dis
380 2318 506 2388 putando
522 2317 694 2372 definitionis
708 2318 826 2387 utilitas,
845 2319 930 2386 atque
945 2335 979 2372 ex
992 2318 1051 2373 illis
1066 2319 1124 2374 suis

110 2337 399 2445 Sefinitionibusp
343 2389 455 2470 colligit
471 2391 539 2444 tunc
559 2405 619 2443 esse
638 2363 867 2470 rempublicam,
886 2388 917 2441 id
936 2390 980 2442 est
997 2406 1056 2444 rem
1075 2406 1124 2459 po-

109 2459 185 2543 puli,
209 2477 273 2514 cum
290 2459 361 2514 bene
380 2476 414 2542 ac
432 2459 506 2514 iuste
524 2459 632 2529 geritur
650 2458 709 2514 sive
728 2459 765 2513 ab
783 2475 838 2513 uno
857 2475 924 2528 rege
944 2459 1002 2513 sive
1022 2476 1040 2513 a
1056 2477 1125 2529 pau·

110 2530 152 2586 cis
175 2529 360 2601 optimatibus
385 2529 444 2584 sive
468 2529 504 2583 ab
527 2530 657 2584 universo
675 2529 791 2599 populo.
829 2528 898 2582 oum
917 2545 984 2583 vero
1003 2528 1123 2584 iniustus

110 2604 157 2657 est
180 2618 241 2668 rex,
267 2617 351 2670 quem
375 2602 526 2669 tyrannum
547 2616 624 2654 more
643 2599 750 2654 Graeco
769 2598 939 2668 appellavit,
959 2601 1008 2653 aut
1025 2599 1125 2654 iniusti

110 2672 272 2754 optimates,
290 2688 408 2752 quorum
422 2687 589 2726 consensum
603 2671 676 2725 dixit
689 2686 750 2725 esse
764 2669 925 2735 factionem,
939 2671 990 2723 aut
1003 2669 1124 2724 iniustus

109 2743 173 2814 ipse
191 2744 326 2814 populus,
345 2741 392 2796 cui
408 2758 511 2796 nomen
529 2741 666 2795 usitatum
682 2757 740 2794 non
757 2739 896 2821 repperit,
914 2739 970 2793 nisi
988 2742 1020 2794 ut
1039 2740 1125 2794 etiam

109 2831 204 2869 rsum
222 2814 373 2882 tyrannum
390 2813 513 2881 vocaret,
531 2829 588 2866 non
606 2812 663 2865 iam
679 2811 819 2876 vitiosam,
839 2810 914 2863 sicut
926 2810 1018 2880 pridie
1032 2811 1126 2866 fuerat

109 2815 299 2965 iiisputatnm,
323 2882 386 2951 sed,
410 2883 484 2936 sicut
501 2882 573 2936 ratio
592 2898 626 2936 ex
643 2881 701 2936 illis
721 2880 932 2935 definitionibus
952 2897 1058 2936 conexa
1076 2882 1125 2937 do·

110 2954 224 3022 ruisset,
243 2953 357 3009 omnino
375 2953 482 3006 nullam
501 2969 562 3008 esse
580 2969 640 3007 rem
658 2951 810 3032 publicam,
830 2951 962 3021 quoniam
978 2968 1036 3006 non
1050 2955 1126 3008 ιιιιι

109 3042 155 3081 res
183 3025 295 3107 populi,
321 3040 385 3077 cum
406 3024 541 3092 tyrannus
565 3039 628 3077 eam
649 3022 772 3077 factiove
796 3024 968 3091 capesseret,
991 3039 1044 3078 nec
1061 3022 1125 3093 ipse

108 3095 254 3176 populus'
246 3111 304 3149 ram
316 3093 438 3176 populus
453 3095 536 3161 esset,
556 3093 580 3147 si
595 3096 671 3149 esset
683 3093 813 3159 iniustus,
833 3092 965 3175 quoniam
978 3110 1035 3148 non
1049 3096 1126 3148 esset

109 3166 285 3221 multitudo'
278 3165 346 3219 ruris
361 3181 499 3218 consensu
512 3166 543 3219 et
555 3164 690 3219 utilitatis
705 3163 901 3219 communione
916 3163 1031 3235 sociata,
1050 3164 1126 3220 sicut

109 3238 233 3310 populus
250 3236 344 3291 iuerat
360 3235 501 3290 definitus

510 3399 723 3411 m
