2566 3876
187 134 254 198 422
585 134 809 191 caraunus

133 295 168 344 43
186 283 367 345 caruerunt.
411 279 447 360 Q.
468 279 628 364 Equidem
649 280 716 345 ista
738 301 888 366 agnosco,
910 279 1022 363 frater,
1046 283 1081 344 et
1106 280 1198 345 meri-

186 371 239 432 tas
262 367 311 433 dis
335 370 460 455 gratias
483 389 561 454 ag03
591 369 648 434 scd
669 369 767 434 nimis
790 390 886 454 saepe
909 390 1000 434 secus
1024 368 1198 452 aliquanto
1273 400 1274 474 q

185 456 332 521 videmus
355 457 500 521 evadere.
525 457 588 522 M.
610 455 687 522 Non
709 457 804 541 enim,
826 456 954 541 Quinte,
977 460 1066 522 recte
1089 457 1199 521 existi·
1273 493 1274 496 =

186 567 326 629 mamus,
348 567 431 629 quae
453 566 559 630 poena
581 544 692 610 divina
714 545 772 628 sit,
793 545 850 611 aed
873 545 1081 630 opinionibus
1105 545 1200 632 vulgi

185 633 332 717 rapimur
362 634 396 698 in
429 654 571 698 errorem
602 653 662 698 uec
693 655 771 698 vera
797 634 972 718 cernimus3
1003 637 1114 699 morte
1142 637 1236 699 autc

186 721 297 787 dolore
322 722 466 807 corporis
489 725 547 787 aut
569 722 659 787 luctu
682 721 783 787 animi
805 725 863 787 aut
885 722 1063 787 offensione
1086 721 1200 788 iudicii
1274 706 1275 782 l

184 809 354 875 hominum
380 810 528 875 miserias
555 809 786 895 ponderamus3
813 832 896 895 quae
921 809 1030 876 fatcor
1051 809 1200 878 humana

185 919 256 964 esse
277 902 311 963 et
328 898 441 963 multis
459 898 554 963 bonis
572 897 652 964 viris
671 899 833 965 accidisse.
865 896 1002 965 Sceleris
1022 901 1075 964 est
1090 921 1200 986 poena

184 987 291 1052 tristis
320 990 353 1051 et
374 991 505 1072 praeter
527 1008 582 1052 eos
606 990 754 1070 eventus,
782 987 838 1071 qui
859 991 1051 1071 sequuntur,
1079 1010 1199 1072 perse
1275 1019 1276 1024 ¹

184 1075 257 1160 ipsa
281 1074 421 1140 maxima
444 1078 502 1140 est.
548 1073 697 1139 Vidimus
721 1097 785 1159 eos,
808 1074 864 1160 qui
885 1075 949 1139 uisi
972 1075 1121 1141 odissent
1143 1091 1236 1162 pa1⁰

185 1164 297 1247 triam,
318 1185 496 1247 numquam
517 1163 641 1228 inimici
663 1164 758 1229 nobis
782 1163 933 1247 fuissent,
956 1164 1102 1229 ardentis
1127 1168 1199 1230 tum

185 1251 377 1336 cupiditate,
399 1256 471 1316 tum
493 1256 596 1335 metu,
618 1255 690 1316 tum
713 1251 919 1336 conscientia,
942 1251 1100 1337 quidquid
1124 1275 1198 1340 age·

184 1345 265 1424 rent,
288 1341 384 1406 modo
407 1340 562 1424 timentis,
584 1339 729 1406 vicissim
751 1341 988 1406 contemnentia
1008 1341 1198 1428 religiones,

184 1428 304 1495 iudicia
329 1434 486 1514 perrupta
512 1430 554 1494 ab
581 1429 685 1493 isdem
712 1429 898 1514 corruptela
918 1428 1104 1514 hominum,
1131 1453 1199 1497 non

132 1533 167 1582 44
186 1518 328 1584 deorum.
378 1516 566 1602 Reprimam
602 1517 669 1583 iam
705 1520 739 1582 et
771 1539 837 1583 non
868 1518 1022 1602 insequar
1052 1518 1197 1604 longius,
1212 1534 1237 1573 1⁵

185 1627 287 1690 eoque
309 1605 426 1690 minus,
450 1626 513 1690 quo
536 1606 611 1690 plus
633 1627 813 1691 poenarum
834 1605 939 1671 habeo
963 1627 1062 1691 quam
1080 1608 1198 1691 petivi3

184 1699 314 1760 tantum
336 1715 456 1780 ponam
479 1695 580 1777 brevi,
603 1694 765 1779 duplicem
785 1716 926 1778 poenam
949 1715 1019 1760 esse
1042 1695 1198 1780 divinam,

184 1783 272 1868 quod
293 1786 421 1848 constet
443 1805 482 1847 ax
505 1783 659 1848 uexandis
681 1783 830 1848 vivorum
852 1783 969 1847 animis
992 1786 1026 1847 et
1047 1804 1087 1848 ea
1106 1783 1199 1849 fama

184 1877 400 1955 mortuorum,
427 1875 465 1935 ut
492 1892 605 1936 eorum
632 1871 766 1936 exitium
792 1873 827 1936 et
847 1871 966 1936 iudicio
989 1871 1139 1937 vivorum
1164 1877 1198 1937 et
1278 1928 1279 1950 Ξ

81 2007 88 2020 -
186 1961 304 2048 gaudio
327 1960 553 2044 conprobetur.
1212 1976 1237 2014 ²⁰
1278 1963 1279 1966 ’

134 2021 176 2150 {58
252 2049 336 2134 Agri
363 2052 472 2113 autem
499 2070 540 2112 ne
563 2051 802 2132 consecrentur,
828 2047 962 2113 Platoni
982 2070 1118 2133 prorsus
1142 2049 1197 2115 ad-

186 2138 322 2221 sentior,
354 2136 422 2221 qui,
454 2137 607 2202 simodo
633 2135 843 2223 interpretari
869 2141 1019 2221 potuero,
1047 2137 1100 2201 his
1126 2137 1197 2202 fere

185 2226 294 2293 verbis
321 2225 439 2291 utitur:
467 2224 602 2291 ‘Terra
627 2224 752 2312 igitur
778 2229 820 2289 ut
845 2224 954 2290 focus
978 2224 1197 2291 domicilio·

185 2338 267 2381 rum
303 2335 414 2380 sacra
449 2314 604 2379 deorum
636 2314 803 2378 omnium
830 2315 903 2396 est3
936 2313 1119 2397 quocirca
1149 2336 1196 2380 ne

186 2405 272 2490 quia
303 2403 444 2468 iterum
476 2402 575 2468 idem
605 2405 840 2467 consecrato.
892 2401 1036 2466 Aurum
1066 2406 1235 2468 autema

186 2497 225 2560 et
247 2494 451 2579 argentum
473 2491 513 2556 in
535 2490 697 2556 urbibus
716 2493 753 2555 et
771 2489 959 2575 privatim
977 2493 1015 2554 et
1033 2489 1073 2555 iu
1089 2491 1196 2556 fanis

186 2581 382 2647 invidiosa
404 2600 465 2644 res
490 2582 557 2644 est.
602 2577 694 2642 Tum
718 2579 811 2642 ebur
833 2578 1009 2642 exinani
1032 2599 1196 2664 corpore

186 2672 403 2736 extractum
425 2667 525 2732 haud
548 2667 649 2733 satis
672 2670 820 2732 castum
843 2667 982 2732 donum
1000 2667 1078 2732 deo.
1114 2667 1196 2732 Iam

186 2780 251 2825 aes
274 2761 389 2842 atque
407 2755 553 2820 ferrum
571 2754 693 2821 duelli
710 2754 985 2839 instrumenta,
1007 2776 1085 2820 non
1101 2755 1196 2821 fani

185 2846 373 2934 Ligneum
400 2849 540 2926 autem,
569 2844 669 2929 quod
694 2845 840 2929 quisque
868 2843 1052 2928 voluerit,
1078 2865 1156 2910 uno
1179 2860 1234 2909 ew

186 2936 295 3023 ligno
337 2933 464 2999 dicato
505 2933 676 3016 itemque
712 2933 907 3018 lapideum
943 2931 983 2996 in
1020 2931 1197 2998 delubris

186 3023 466 3106 communibus,
498 3021 638 3087 textile
669 3041 715 3086 nc
745 3021 947 3106 operosius
978 3041 1093 3106 quam
1119 3044 1198 3087 mu-

186 3113 298 3179 licris
335 3132 432 3195 opus
468 3113 712 3176 menstruum.
768 3107 884 3174 Color
920 3111 1050 3173 autem
1082 3110 1198 3176 albus

184 3201 392 3288 praecipue
414 3199 576 3264 decorus
595 3199 663 3263 deo
683 3200 741 3262 est
760 3219 870 3282 quom
887 3195 927 3261 in
945 3201 1091 3281 cetero,
1113 3201 1198 3265 tum

185 3289 346 3356 maxime
377 3289 417 3353 in
447 3287 595 3371 textili3
626 3286 753 3351 tincta
783 3307 873 3350 vero
905 3285 1038 3350 absint
1067 3285 1149 3352 nisi
1178 3303 1234 3352 a³⁵

184 3377 341 3444 bellicis
373 3376 605 3462 insignibus.
650 3373 907 3439 Divinissima
938 3377 1066 3439 autem
1098 3374 1199 3440 dona

184 3488 274 3532 aves
303 3471 340 3530 et
366 3465 513 3530 formae
542 3465 588 3530 ab
615 3484 688 3527 uno
715 3463 866 3548 pictore
887 3484 964 3527 uno
988 3462 1198 3528 absolutae
