2630 3890
151 97 216 163 168
501 94 815 150 nsurvnrxrroxn

149 246 184 307 te
203 239 351 324 excitari3
373 263 447 306 cum
466 243 575 305 autem
595 242 800 325 experrectus
820 262 907 305 esses
926 240 1007 305 hora
1024 241 1164 307 secunda

150 331 227 414 fere,
245 333 279 394 te
299 329 363 395 sibi
380 329 543 394 somnium
560 328 758 393 narravisse:
781 329 887 393 risum
906 329 968 393 tibi
987 351 1066 414 esse,
1089 352 1165 394 cum

150 420 186 483 in
207 418 289 483 locis
313 417 393 482 solis
416 421 560 482 maestus
584 438 722 500 errares,
752 414 787 482 0.
810 416 951 481 Marium
974 439 1047 482 cum
1069 417 1164 483 fasci-

150 508 213 572 bus
235 507 391 571 laureatis
415 527 569 590 quaerere
592 527 630 569 ex
653 507 701 589 te,
729 505 806 588 quid
828 505 934 569 tristis
958 527 1054 589 esses,
1078 528 1164 571 cum-

152 617 214 680 que
237 599 274 659 tu
296 597 330 659 te
352 595 461 679 patria
483 595 517 659 ri
539 593 670 678 pulsum
693 614 763 658 esse
787 593 931 677 dixisses,
954 594 1164 679 prehendisse
1193 611 1206 652 ⁵

152 706 227 749 eum
259 683 407 747 dextram
438 686 531 746 tuam
563 685 596 746 et
622 682 708 746 bono
737 682 844 747 animo
873 685 906 747 te
933 681 1066 747 iussisse
1094 705 1165 748 esse

152 771 324 855 lictorique
351 793 508 855 proxumo
533 769 720 853 tradidisse,
746 773 784 834 ut
806 774 839 834 te
861 770 898 834 in
920 774 1166 836 monumentum

154 884 249 927 suum
281 860 465 943 deduceret,
495 862 528 923 et
558 858 677 922 dixisse
706 858 741 921 in
768 880 805 923 eo
833 859 897 922 tibi
924 860 1063 924 salutem
1085 859 1166 924 fore.

153 949 239 1014 Tum
266 951 299 1012 et
327 969 361 1012 se
385 947 583 1012 exclamasse
607 944 782 1011 Sallustius
804 951 918 1012 narrat
941 948 1081 1012 reditum
1102 948 1168 1012 tibi

154 1038 292 1104 celerem
325 1038 358 1101 et
390 1036 570 1122 gloriosum
601 1037 767 1120 paratum,
800 1038 833 1099 et
864 1038 897 1100 11
925 1036 1032 1121 ipsum
1059 1037 1167 1100 visum
1182 1056 1209 1094 ro

156 1125 281 1192 somnio
307 1124 469 1189 delectari.
509 1123 597 1188 Nam
619 1123 701 1187 illud
726 1123 807 1186 mihi
829 1123 894 1208 ipsi
916 1125 1064 1189 celeriter
1087 1147 1168 1189 nun-

154 1215 275 1279 tiatum
299 1216 357 1297 est,
380 1216 418 1277 ut
441 1212 619 1276 audivisses
641 1211 676 1274 in
699 1215 908 1276 monumento
927 1211 1024 1276 Marii
1047 1213 1085 1277 dc
1108 1216 1167 1278 tuo

155 1303 262 1368 rcditu
276 1301 644 1387 magnificentissumum
657 1300 741 1364 illud
755 1303 887 1365 senatus
902 1301 1086 1366 consultum
1097 1323 1169 1366 esse

154 1392 280 1457 factum
306 1389 466 1454 referente
494 1392 628 1473 optumo
657 1391 690 1453 11
717 1388 908 1454 clarissumo
932 1389 1003 1454 viro
1027 1390 1168 1474 consule,

154 1481 252 1564 idque
287 1477 552 1562 frequentissimo
585 1477 715 1541 theatro
747 1476 929 1541 incredibili
962 1479 1102 1543 clamore
1135 1481 1169 1542 et
1184 1495 1211 1536 15
1271 1551 1276 1562 1

157 1569 275 1654 plausu
311 1567 573 1651 comprobatum,
611 1565 729 1629 dixisse
764 1567 798 1629 te
833 1565 916 1629 nihil
948 1565 1007 1630 illo
1039 1565 1170 1632 Atinati

159 1656 285 1721 somnio
308 1655 379 1726 ficri
401 1676 498 1739 posse
522 1653 671 1720 divinius.

65 1738 67 1744 ’
103 1721 147 1788 29
225 1743 271 1808 At
289 1743 394 1807 multa
411 1742 506 1806 falsa.
537 1741 642 1806 Immo
662 1742 800 1806 obscura
816 1741 957 1806 fortasse
975 1743 1079 1808 nobis.
1106 1740 1170 1808 Sed

104 1801 139 1851 ⁶⁰
159 1832 225 1896 sint
248 1831 333 1896 falsa
356 1831 529 1914 quaedam,
553 1833 667 1895 contra
689 1852 767 1894 vera
790 1829 867 1913 quid
890 1830 1047 1896 dicimus?
1080 1829 1169 1906 Quae

159 1920 289 2004 quidem
314 1919 419 1984 multo
442 1919 539 2003 plura
562 1918 739 2001 evenirent,
768 1917 797 1981 si
820 1917 861 1981 ad
884 1919 1025 2001 quietem
1048 1919 1170 2005 integri
1185 1938 1212 1977 ro
1306 1919 1312 1942 *

157 2009 288 2073 iremus
329 2005 424 2071 Nunc
447 2006 558 2072 onusti
581 2005 652 2070 cibo
677 2009 709 2069 et
732 2005 807 2070 vino
830 2007 1023 2090 perturbata
1046 2011 1171 2074 111111-

157 2096 233 2161 fusa
256 2094 425 2160 cernimus.
461 2092 553 2177 Vide,
577 2093 654 2178 quid
670 2091 819 2159 Socrates
838 2094 873 2158 in
885 2093 1034 2160 Platonis
1048 2095 1171 2161 Politia

160 2187 322 2268 loquatur.
358 2182 447 2247 Dicit
468 2182 567 2247 enim:
591 2181 698 2247 ‘Cum
717 2181 1000 2248 dormientibus
1020 2206 1062 2248 ea
1080 2207 1170 2269 pars

159 2272 292 2356 animi,
323 2293 418 2355 quae
448 2271 587 2334 mentis
618 2274 655 2335 et
684 2271 851 2334 rationis
880 2271 932 2334 sit
958 2272 1171 2357 particeps,

160 2361 291 2446 sopita
305 2359 505 2445 langueat,
518 2359 590 2423 illa
605 2361 745 2442 autem,
759 2359 798 2422 in
813 2380 886 2442 qua
899 2358 1037 2425 feritas
1057 2383 1171 2444 quae·
1185 2376 1213 2418 25

161 2451 245 2515 dam
268 2448 321 2513 sit
344 2451 459 2531 atque
483 2447 654 2534 agrestis
677 2447 903 2530 inmanitas,
935 2471 1017 2514 cum
1040 2449 1093 2513 sit
1116 2449 1172 2513 in-

161 2538 359 2604 moderato
390 2535 664 2620 obstupefacta
693 2539 788 2620 potu
816 2538 931 2619 atque
953 2541 1082 2621 pastu,
1112 2559 1173 2601 ex·

161 2627 311 2692 sultare
341 2647 423 2690 cam
452 2624 492 2688 in
522 2645 652 2688 somno
682 2623 998 2708 inmoderateque
1022 2625 1173 2690 iactari.

160 2714 300 2798 Itaque
322 2713 411 2778 huic
435 2712 561 2778 omnia
583 2712 668 2776 visa
691 2712 915 2778 obiciuntur
939 2735 958 2777 a
981 2716 1107 2779 mente
1130 2736 1174 2778 ac
1311 2783 1312 2790 χ

160 2803 315 2867 ratione
347 2824 478 2885 vacua,
510 2804 552 2865 ut
584 2802 650 2864 aut
677 2821 758 2865 oum
787 2804 909 2865 matre
939 2824 1078 2887 corpus
1106 2803 1173 2867 mi·
1187 2819 1215 2860 oo
1311 2799 1312 2850 ἶ

162 2913 268 2957 scere
291 2889 470 2955 rideatur
493 2891 559 2954 aut
582 2911 663 2953 oum
687 2889 824 2972 quovis
844 2888 922 2954 alio
941 2890 1002 2954 vel
1021 2890 1174 2955 homine

163 2979 223 3043 vol
256 2978 338 3061 deo,
370 3000 483 3062 saepe
516 2977 644 3060 belua,
677 2981 792 3061 atquc
826 2977 942 3041 etiam
975 2978 1175 3044 trucidare

162 3079 330 3149 aliquem
368 3070 405 3130 et
438 3065 554 3150 impie
586 3065 784 3130 cruentari
816 3067 1014 3149 multaque
1045 3066 1175 3132 facere

160 3156 298 3239 inpure
330 3159 444 3238 atque
476 3157 602 3218 taetre
634 3176 717 3218 cum
748 3153 972 3218 temeritate
1002 3157 1038 3218 et
1065 3155 1176 3240 inpu-

109 3237 305 3306 sidentia.
350 3243 401 3307 At
430 3242 494 3326 qui
522 3241 672 3306 salubri
702 3244 738 3306 et
765 3242 962 3307 moderato
991 3243 1098 3307 cultu
1120 3247 1216 3308 atas

163 3352 246 3415 que·
263 3329 369 3394 victu
397 3331 521 3415 quieti
549 3351 588 3395 se
611 3329 821 3394 tradiderit
845 3352 887 3395 ea
909 3334 1020 3415 parte
1044 3331 1175 3416 animi,

163 3440 259 3504 quae
287 3419 427 3483 mentis
456 3423 493 3483 et
521 3417 680 3484 consilii
708 3422 781 3504 est,
810 3419 963 3504 agitata
987 3421 1024 3482 et
1046 3424 1177 3486 erecta
