2566 3876
169 153 237 218 428
566 157 615 212 DE
633 157 789 214 LEGIBUS

168 299 263 384 pueri
292 317 344 366 ΧΠ
375 304 413 366 nt
445 323 576 367 carmen
606 302 838 386 necessarium
876 323 956 388 quas
987 302 1056 368 iam
1087 325 1186 369 nemo

170 386 275 452 discit.
309 387 496 457 Extenuato
519 391 622 478 igitur
645 394 778 476 sumptu
800 391 906 456 tribus
930 391 1053 456 riciniis
1078 395 1113 456 et
1135 396 1186 457 tu·

168 475 256 541 nicla
286 499 450 562 purpurea
480 482 514 543 et
540 479 650 544 decem
677 478 867 545 tibicinibus
893 479 983 544 tollit
1010 479 1114 544 etiam
1139 480 1186 546 la·

170 565 417 630 mentationem:
449 565 633 632 Mulieres
665 588 784 653 genas
814 589 860 632 nc
892 567 1059 633 radunto
1087 589 1185 634 neve

171 651 316 718 lessam
336 653 487 720 funeris
510 675 601 741 ergo
624 654 803 721 habento.
843 654 917 721 Hoc
938 658 1066 721 veteres
1085 657 1211 721 inter-o

169 744 279 826 pretes
302 738 373 807 Sex.
396 741 519 827 Aelius,
541 741 577 808 L.
595 743 721 809 Acilius
742 765 810 809 non
831 744 913 808 satis
937 765 972 808 se
990 744 1185 830 intellegere

171 829 330 915 dixerunt,
352 830 409 896 sed
432 831 591 916 suspicari
612 831 799 896 vestimenti
820 831 954 917 aliquod
972 853 1076 918 genus
1094 832 1186 898 fune-
1278 897 1279 902 ,

169 917 252 1002 bris,
283 916 319 983 L.
342 919 457 984 Aelius
484 919 628 984 lessum
652 920 745 1004 quasi
766 920 940 1006 lugubrem
962 920 1184 1005 eiulationem,

169 1009 208 1070 ut
233 1027 297 1072 vox
324 1007 397 1092 ipsa
423 1007 600 1094 significet3
627 1008 714 1092 quod
741 1029 779 1073 eo
807 1007 913 1094 magis
940 1007 1047 1074 iudico
1070 1031 1184 1074 verum

170 1115 250 1177 esse,
272 1095 348 1179 quia
366 1095 419 1160 lex
436 1093 567 1162 Solonis
585 1095 619 1161 id
636 1097 745 1181 ipsum
762 1099 862 1162 vetat
893 1094 984 1163 Haec
1001 1097 1185 1162 laudabilia
1197 1114 1222 1156 re

170 1186 203 1247 et
230 1183 448 1268 locupletibus
470 1184 539 1249 fare
562 1205 634 1250 cum
657 1185 753 1269 plebe
776 1184 974 1270 communia3
1004 1185 1093 1269 quod
1116 1185 1184 1270 qui·

170 1270 243 1336 dem
273 1272 414 1337 maxime
441 1276 607 1338 enatura
633 1277 697 1358 est,
726 1271 803 1337 tolli
829 1272 981 1337 fortunae
1008 1273 1185 1338 discrimen

169 1359 204 1424 in
227 1364 341 1425 morte.

116 1422 161 1548 {51
237 1446 355 1513 Cetera
380 1449 461 1514 item
487 1448 651 1532 funebria,
678 1449 796 1533 quibus
819 1449 927 1515 luctus
951 1453 1104 1535 augetur,
1131 1465 1185 1514 x11

171 1537 381 1601 sustulerunt.
427 1536 596 1621 Homini,
622 1537 740 1622 inquit,
767 1541 918 1603 mortuo
945 1559 992 1602 ne
1017 1559 1109 1604 ossa
1130 1538 1184 1602 le·
1197 1556 1221 1595 1⁵

171 1624 269 1711 gito,
306 1625 396 1709 quoi
431 1647 500 1711 pos
531 1625 646 1690 funus
678 1625 809 1691 faciat.
862 1625 994 1711 Excipit
1026 1626 1183 1692 bellicam

168 1713 439 1798 peregrinamque
462 1717 609 1779 mortem.
644 1712 736 1779 Haec
757 1717 927 1799 praeterea
949 1717 1027 1778 sunt
1049 1715 1085 1778 in
1103 1714 1184 1800 legi-

170 1801 231 1866 bus
258 1799 335 1882 †de
361 1805 562 1886 uncturaque
589 1802 717 1868 servilis
744 1806 882 1870 unctura
909 1802 1040 1867 tollitur
1062 1803 1184 1867 omnis-

171 1910 233 1972 que
270 1887 536 1975 circumpotati03
573 1911 655 1974 quae
691 1894 725 1955 et
752 1893 846 1955 reete
882 1891 1046 1955 tolluntur
1075 1910 1183 1974 neque
1278 1901 1279 1919 ¹

170 1977 379 2061 tollerentur,
409 1977 473 2043 nisi
501 1977 648 2042 fuissent.
693 1976 748 2043 Ne
775 1981 1002 2063 sumptuosa
1028 1997 1223 2062 nospes-20

170 2065 242 2218 tl
268 2066 674 2238 tttttgttsstt
698 2088 767 2220 2¹5:
780 2070 1184 2220 tttttttttltt

170 2247 317 2308 mortuos
340 2243 517 2327 pertinere,
546 2243 631 2326 quod
654 2264 833 2309 coronam
855 2243 1004 2308 virtute
1026 2247 1182 2327 partam

170 2333 204 2395 et
240 2331 284 2414 ei,
320 2331 376 2415 qui
411 2329 604 2415 peperisset,
641 2335 674 2396 et
705 2331 773 2396 eius
805 2331 935 2417 parenti
966 2331 1036 2395 sinc
1067 2331 1182 2396 fraude

171 2439 242 2484 esse
264 2418 317 2484 lex
340 2418 517 2504 inpositam
539 2419 639 2484 iubet.
685 2417 861 2504 Credoque,
886 2419 973 2504 quod
996 2423 1067 2484 erat
1088 2412 1183 2484 facti·
1196 2437 1222 2477 rs

170 2510 294 2591 tatum,
324 2510 363 2572 ut
393 2507 451 2571 uni
481 2508 578 2592 plura
606 2508 722 2588 funera
751 2508 867 2572 fierent
898 2507 1038 2592 lectique
1070 2507 1182 2593 plures

170 2598 407 2680 sternerentur,
433 2595 467 2659 id
496 2617 623 2679 quoque
649 2616 691 2660 ne
717 2596 823 2680 ficret,
852 2597 925 2681 lege
948 2599 1098 2660 sanctum
1123 2599 1183 2661 est

171 2681 243 2757 Qua
268 2682 303 2746 in
331 2684 403 2769 lege
431 2704 529 2767 quom
557 2687 656 2748 esset:
683 2703 777 2749 neve
803 2705 937 2749 aurum
963 2683 1113 2768 addito,
1139 2685 1183 2749 vi·

169 2772 246 2850 dete,
275 2793 372 2856 quam
395 2771 536 2836 humane
560 2771 700 2856 excipiat
722 2773 826 2836 altera
849 2772 914 2836 lex:
941 2775 983 2836 at
1003 2772 1066 2837 cui
1089 2793 1182 2836 auro

171 2858 306 2925 dentes
333 2859 458 2925 vincti
480 2864 628 2944 escunt,
656 2863 716 2925 art
739 2861 789 2925 im
812 2858 989 2925 camillo
1013 2860 1221 2944 sepelietu

171 2951 320 3032 uretve,
351 2969 390 3012 re
421 2946 558 3013 frande
586 2952 681 3014 osto,
726 2948 770 3013 Et
803 2947 901 3013 simul
923 2947 1007 3012 illud
1028 2948 1184 3032 videtote,

117 3049 150 3098 61
170 3036 260 3100 aliud
283 3035 434 3100 habitum
452 3057 523 3102 csse
540 3037 679 3122 sepelire
697 3041 731 3102 et
748 3057 850 3101 urere.
885 3035 978 3100 Duae
996 3040 1075 3100 sunt
1092 3057 1184 3122 prae

171 3127 260 3188 terea
288 3124 378 3210 leges
401 3123 441 3188 de
464 3124 658 3210 sepulchris,
690 3146 827 3211 quarum
849 3125 956 3188 altera
977 3124 1183 3210 privatorum

171 3211 335 3296 aedificiis,
354 3212 458 3277 altera
475 3212 556 3298 ipsis
574 3211 755 3298 sepulchris
774 3215 876 3278 cavet.
911 3210 999 3277 Nam
1018 3213 1108 3298 quod
1125 3235 1183 3278 ro·

170 3319 258 3386 gum
285 3300 491 3365 bustumve
517 3321 655 3368 novum
677 3304 769 3365 vetat
791 3300 952 3386 propius
976 3301 1219 3386 sexaginta&

169 3387 285 3473 pedes
308 3387 416 3474 adigi
439 3387 552 3454 aedes
576 3388 723 3455 alienas
742 3388 867 3453 invito
887 3388 1055 3474 domino,
1078 3389 1183 3455 incen-

170 3475 261 3540 dium
287 3480 418 3542 veretur
444 3475 633 3560 †acerbum
660 3480 765 3561 vetat3
793 3476 880 3561 quod
907 3479 1019 3542 antem
1045 3476 1184 3562 forum,
