2578 3874
353 165 421 218 ΜΒ.
441 164 488 220 VI.
508 163 585 219 CAP.
604 171 681 220 o-r.
702 170 717 231 s
735 172 814 220 3-7.
1042 167 1107 233 369

95 267 172 374 dnm
193 309 243 387 sit,
265 308 321 390 qni
342 329 408 373 rem
426 307 586 391 publicam
607 310 871 391 ammaonte,
893 311 1023 388 institia,
1043 311 1107 392 for·

95 397 227 461 titudine
248 417 287 462 ae
307 398 513 462 moderatione
535 399 741 462 tractaverint.
777 397 839 462 Sed
858 397 911 463 ille
928 398 1109 464 Platonicus

93 489 277 550 seeretornm
298 486 414 550 relator
430 485 481 550 m
498 487 626 567 atridam
643 487 767 550 nomine
781 487 853 567 fnit,
876 488 1001 551 natione
1013 486 1108 552 Pam·

89 573 220 654 phalas,
246 573 335 639 miles
357 573 472 656 officio,
499 575 554 655 qni
575 594 645 638 enm
666 575 842 639 onlnerilms
863 575 900 638 in
915 575 1035 657 proelio
1057 596 1108 640 ao·

65 663 188 743 toeptis
213 662 311 726 eitam
338 661 481 740 effodisse
506 663 590 726 oisns
616 662 791 727 dnodeeimo
814 664 936 726 demnm
957 664 1007 728 die
1027 664 1109 728 inter

95 754 207 814 eeteros
223 770 289 814 nna
301 755 472 832 peremptos
489 750 599 814 nltimo
617 755 691 815 esset
703 751 901 816 honorandas
913 753 992 834 rano,
1009 752 1109 818 moin

93 857 149 902 sen
178 843 298 920 recepta
327 840 438 902 anima
463 859 517 903 sen
542 843 673 916 retenta,
704 841 850 920 annonid
874 841 1002 906 smenon
1027 841 1110 904 inter

93 931 258 1008 ntramqne
278 927 376 990 oitam
397 926 502 992 dielns
524 932 626 1008 eoerat
646 928 806 1006 oideratoe‚
829 932 989 1009 tamqnam
1004 929 1108 1012 palli-

97 1034 169 1078 enm
185 1013 345 1096 professus
362 1016 513 1080 indiciam
530 1015 666 1079 hnmano
681 1017 786 1097 ymeri
802 1017 983 1081 onnntiaait.
1013 1017 1110 1082 Hane

52 1115 82 1155 1⁰
94 1102 238 1183 fabulam
260 1102 364 1168 Onera
387 1103 455 1168 lieet
476 1103 515 1168 ab
537 1104 668 1168 indoctis
689 1105 781 1186 qnasi
801 1104 868 1186 ipse
887 1105 952 1170 veri
973 1106 1110 1170 oonseins

94 1190 198 1255 donat
221 1191 365 1270 irrisam,
392 1192 562 1273 exemplam
589 1196 692 1256 tamen
717 1192 847 1257 stolidae
867 1191 1110 1275 reprehensionis

94 1281 199 1344 vitans
219 1279 348 1344 eneitari
368 1285 575 1344 narratarum
597 1300 691 1361 qnam
711 1282 887 1346 reviviscere
908 1282 1028 1346 malnit.

162 1367 211 1431 Ao
226 1369 321 1449 orins
337 1388 433 1449 qnam
450 1369 565 1432 somnii
559 1369 672 1433 rerba
689 1369 894 1452 eonsnlamns,
916 1371 1143 1476 enodandam
1129 1346 1148 1412 7

94 1455 256 1520 nobist
211 1461 266 1534 est,
296 1477 318 1519 a
346 1477 405 1538 qno
428 1477 536 1538 aenere
561 1456 722 1521 hominnm
746 1457 869 1522 Tallias
895 1464 1040 1523 memoret
1026 1427 1143 1523 toel⁷

54 1555 82 1596 1⁵
95 1543 226 1608 irrisam
247 1543 395 1609 Platonis
415 1545 557 1625 fabnlam
578 1545 633 1622 ael,
655 1566 694 1610 ne
715 1545 776 1610 sili
796 1547 877 1610 idem
899 1548 1110 1625 eveniatnon

95 1633 200 1696 veram
246 1633 312 1697 Neo
337 1634 419 1698 enim
446 1631 496 1698 its
522 1633 620 1698 oerlris
645 1634 750 1698 onlt'
736 1636 852 1718 inperii
851 1655 905 1698 nm
930 1596 1075 1717 mimis
1060 1656 1109 1699 rn-

96 1721 204 1802 telleai,
221 1721 276 1785 sed
284 1741 381 1802 aenas
394 1721 554 1786 hominnm
566 1723 631 1786 aeri
644 1724 791 1803 ionaram
803 1723 860 1788 snb
866 1724 1001 1804 peritiae
1014 1727 1109 1789 ostem

96 1809 219 1886 tatione,
241 1811 353 1890 mrippe
370 1829 445 1891 qnos
462 1815 492 1874 et
509 1810 614 1892 lenisse
631 1811 710 1874 talia
727 1812 816 1875 etad
831 1811 1109 1892 reprehendendum

95 1897 252 1962 animatos
278 1903 436 1963 constaret.
477 1897 625 1963 Dicemus
647 1900 757 1982 iyitnr,
784 1904 814 1963 et
834 1919 910 1981 qnos
930 1901 966 1964 in
988 1905 1111 1964 tantam

52 1999 82 2038 2⁰
90 1984 309 2067 philosophum
338 1986 455 2066 referat
485 1989 643 2068 qnondam
669 2007 815 2052 eensnrae
840 1989 1006 2053 monisse
1040 1989 1109 2052 leoi-

97 2078 203 2152 tatem,
231 2075 335 2155 annae
356 2095 462 2139 eoram
483 2077 576 2139 etiam
599 2076 746 2158 semotam
768 2076 927 2158 reliquerit
946 2078 1110 2141 aemesatio-

95 2182 181 2227 nem.
195 2211 204 2226 .
218 2211 248 2226 ..
286 2162 511 2244 quionreornm
538 2168 601 2228 tota
624 2163 719 2244 factio
747 2185 841 2246 aeqao
867 2185 984 2248 semper
1010 2184 1110 2229 errore

96 2271 119 2314 a
144 2270 214 2314 oero
245 2251 334 2315 deora
365 2256 395 2315 et
424 2251 483 2315 illa
513 2271 630 2333 semper
656 2253 837 2318 enistimons
858 2253 1002 2329 ridenda,
1032 2272 1110 2333 qnae

97 2340 227 2417 neseiat,
253 2358 377 2403 saornm
399 2340 540 2404 oolnmen
562 2345 591 2404 et
612 2340 834 2422 anonstissima
854 2341 959 2405 irrisit
979 2344 1111 2404 natmae

53 2439 83 2482 2⁵
97 2427 188 2492 seria.
233 2425 350 2492 Colotes
380 2448 449 2492 aero
481 2429 563 2512 inter
588 2428 723 2509 Epienri
748 2429 904 2492 anditores
931 2428 1112 2509 loquacitate

95 2515 263 2580 notabilior
284 2515 378 2580 etiam
399 2517 435 2580 in
458 2516 571 2580 libonem
592 2517 718 2595 rettulit,
740 2537 820 2598 qnae
841 2517 878 2580 de
897 2515 952 2580 loo
969 2517 1111 2581 amarias

96 2603 259 2668 cavillatus
279 2608 331 2668 est.
367 2601 431 2669 Sed
450 2609 555 2682 cetera,
578 2624 657 2685 qnae
673 2605 795 2669 ininria
812 2605 938 2682 notarit,
960 2605 1111 2686 sionim

96 2692 141 2756 ad
164 2691 333 2770 samniam,
359 2693 397 2757 de
422 2711 481 2773 qno
507 2692 557 2756 hie
577 2693 716 2773 procedit
741 2713 853 2771 sermo,
880 2712 944 2756 non
971 2693 1110 2771 attinent,

96 2779 152 2844 hoe
179 2779 242 2844 loeo
268 2779 356 2845 nolis
382 2781 550 2845 omittenda
571 2785 660 2858 snnt;
688 2780 778 2845 illam
800 2780 991 2845 aalnmniam
1006 2799 1110 2862 perse-

56 2883 83 2923 io
96 2887 238 2949 qnemnr,
269 2887 348 2950 qnae
377 2869 442 2933 nisi
472 2868 682 2950 supplodetnr,
713 2869 849 2933 manebit
875 2867 1016 2934 (lieeroni
1041 2887 1112 2933 erm

50 2962 52 2967 '
97 2955 231 3020 Platone
252 2957 432 3022 eommnnis.
467 2957 527 3021 Ait
547 2976 569 3021 a
584 2957 765 3039 philosopho
785 2956 928 3038 fabulam
944 2977 1008 3022 non
1026 2977 1111 3038 opor-

97 3045 191 3109 tnisse
212 3045 354 3126 condrei,
376 3045 525 3126 qnoniam
547 3045 670 3110 nnllam
691 3046 830 3127 dementi
848 3065 945 3127 amns
962 3046 1027 3109 aeri
1038 3065 1112 3127 pro·

94 3131 262 3213 fessmnhns
288 3134 469 3198 oonoeniret.
509 3131 575 3198 Onr
600 3134 696 3210 enim,
724 3134 837 3215 inanit,
864 3134 894 3198 si
919 3153 1025 3198 rernm
1046 3153 1111 3198 oae-

99 3222 220 3286 lestinm
245 3222 413 3302 notionern‚
439 3221 469 3287 si
495 3220 635 3286 mann
656 3241 714 3286 nos
735 3223 916 3286 animarnm
937 3223 1041 3286 dooere
1061 3243 1111 3287 oo-

58 3324 84 3365 n
99 3309 194 3386 lana,
216 3328 281 3376 non
302 3309 437 3390 simplici
458 3313 488 3374 et
508 3309 649 3374 aesalon
670 3308 725 3374 loe
742 3310 952 3374 insinuatione
969 3315 1112 3375 arranem

97 3401 154 3476 est,
180 3398 235 3462 sed
261 3399 401 3480 quaesita
423 3417 559 3478 persma
584 3416 730 3479 eosnsqne
752 3399 920 3480 eneooitata
941 3398 1063 3463 novitas
1084 3403 1114 3462 et

97 3486 264 3568 composita
286 3485 426 3550 odooeati
447 3503 557 3550 scaena
577 3486 716 3568 fiammti
737 3487 839 3568 ipsam
860 3487 1027 3568 qnamendi
1048 3486 1113 3551 oeri

152 3596 263 3640 a1o.1v.
278 3599 297 3640 2.
861 3595 896 3644 24
