<?xml version="1.0" encoding="UTF-8"?>
<!DOCTYPE html PUBLIC "-//W3C//DTD XHTML 1.0 Transitional//EN"
    "http://www.w3.org/TR/xhtml1/DTD/xhtml1-transitional.dtd">
<html xmlns="http://www.w3.org/1999/xhtml" xml:lang="en" lang="en">
 <head>
  <title>
</title>
<meta http-equiv="Content-Type" content="text/html;charset=utf-8" />
  <meta name='ocr-system' content='tesseract 3.04.00' />
  <meta name='ocr-capabilities' content='ocr_page ocr_carea ocr_par ocr_line ocrx_word'/>
</head>
<body>
  <div class='ocr_page' id='page_1' title='image "./scriptaquaemans02mullgoog_0112.png"; bbox 0 0 2610 3894; ppageno 0'>
   <div class='ocr_carea' id='block_1_1' title="bbox 338 121 1097 190">
    <p class='ocr_par' dir='ltr' id='par_1_1' title="bbox 338 121 1097 190">
     <span class='ocr_line' id='line_1_1' title="bbox 338 121 1097 190; baseline 0.013 -13"><span class='ocrx_word' id='word_1_1' title='bbox 338 121 407 177; x_wconf 72' lang='grc' dir='ltr'>ΜΒ.</span> <span class='ocrx_word' id='word_1_2' title='bbox 426 121 461 176; x_wconf 87' lang='lat'>11.</span> <span class='ocrx_word' id='word_1_3' title='bbox 482 122 558 178; x_wconf 83' lang='lat' dir='ltr'>cAP.</span> <span class='ocrx_word' id='word_1_4' title='bbox 578 129 674 178; x_wconf 77' lang='lat'>7-10.</span> <span class='ocrx_word' id='word_1_5' title='bbox 693 128 709 190; x_wconf 69' lang='lat' dir='ltr'>s</span> <span class='ocrx_word' id='word_1_6' title='bbox 729 129 842 179; x_wconf 81' lang='lat'>19-26.</span> <span class='ocrx_word' id='word_1_7' title='bbox 1052 123 1097 187; x_wconf 74' lang='lat'>55</span> 
     </span>
    </p>
   </div>
   <div class='ocr_carea' id='block_1_2' title="bbox 39 265 1153 3535">
    <p class='ocr_par' dir='ltr' id='par_1_2' title="bbox 39 265 1153 3535">
     <span class='ocr_line' id='line_1_2' title="bbox 81 265 1098 353; baseline 0.002 -23"><span class='ocrx_word' id='word_1_8' title='bbox 81 265 293 350; x_wconf 79' lang='lat' dir='ltr'>iudicetur,</span> <span class='ocrx_word' id='word_1_9' title='bbox 315 289 397 332; x_wconf 88' lang='lat' dir='ltr'>oum</span> <span class='ocrx_word' id='word_1_10' title='bbox 420 287 464 331; x_wconf 88' lang='lat' dir='ltr'>ex</span> <span class='ocrx_word' id='word_1_11' title='bbox 486 287 525 332; x_wconf 87' lang='lat' dir='ltr'>se</span> <span class='ocrx_word' id='word_1_12' title='bbox 547 271 729 352; x_wconf 78' lang='lat' dir='ltr'>procreet</span> <span class='ocrx_word' id='word_1_13' title='bbox 751 268 962 334; x_wconf 89' lang='lat' dir='ltr'>animantis</span> <span class='ocrx_word' id='word_1_14' title='bbox 982 271 1098 353; x_wconf 87' lang='lat' dir='ltr'>atque</span> 
     </span>
     <span class='ocr_line' id='line_1_3' title="bbox 82 353 319 440; baseline 0 -21"><span class='ocrx_word' id='word_1_15' title='bbox 82 353 319 440; x_wconf 71' lang='lat' dir='ltr'>sepientis‘l&#39;</span> 
     </span>
     <span class='ocr_line' id='line_1_4' title="bbox 150 409 1149 534; baseline 0 -27"><span class='ocrx_word' id='word_1_16' title='bbox 150 439 216 508; x_wconf 85' lang='lat' dir='ltr'>Sed</span> <span class='ocrx_word' id='word_1_17' title='bbox 239 443 393 526; x_wconf 90' lang='lat' dir='ltr'>quoniam</span> <span class='ocrx_word' id='word_1_18' title='bbox 415 443 508 529; x_wconf 91' lang='lat' dir='ltr'>coepi</span> <span class='ocrx_word' id='word_1_19' title='bbox 531 465 622 510; x_wconf 86' lang='lat' dir='ltr'>secus</span> <span class='ocrx_word' id='word_1_20' title='bbox 646 466 752 530; x_wconf 80' lang='lat' dir='ltr'>agere,</span> <span class='ocrx_word' id='word_1_21' title='bbox 776 448 874 530; x_wconf 85' lang='lat' dir='ltr'>atque</span> <span class='ocrx_word' id='word_1_22' title='bbox 897 444 991 510; x_wconf 91' lang='lat' dir='ltr'>initio</span> <span class='ocrx_word' id='word_1_23' title='bbox 1012 444 1098 508; x_wconf 87' lang='lat' dir='ltr'>dixe-</span> <span class='ocrx_word' id='word_1_24' title='bbox 1117 409 1149 534; x_wconf 48' lang='grc' dir='ltr'>ἓξ,</span> 
     </span>
     <span class='ocr_line' id='line_1_5' title="bbox 80 527 1098 620; baseline 0 -25"><span class='ocrx_word' id='word_1_25' title='bbox 80 554 155 596; x_wconf 88' lang='lat' dir='ltr'>ram</span> <span class='ocrx_word' id='word_1_26' title='bbox 184 527 355 618; x_wconf 84' lang='lat' dir='ltr'>(negaram</span> <span class='ocrx_word' id='word_1_27' title='bbox 379 531 465 596; x_wconf 87' lang='lat' dir='ltr'>enim</span> <span class='ocrx_word' id='word_1_28' title='bbox 487 531 572 598; x_wconf 92' lang='lat' dir='ltr'>hanc</span> <span class='ocrx_word' id='word_1_29' title='bbox 594 533 735 618; x_wconf 84' lang='lat' dir='ltr'>primam</span> <span class='ocrx_word' id='word_1_30' title='bbox 757 537 886 619; x_wconf 86' lang='lat' dir='ltr'>partem</span> <span class='ocrx_word' id='word_1_31' title='bbox 909 555 1004 620; x_wconf 85' lang='lat' dir='ltr'>egere</span> <span class='ocrx_word' id='word_1_32' title='bbox 1028 554 1098 598; x_wconf 87' lang='lat' dir='ltr'>ora·</span> 
     </span>
     <span class='ocr_line' id='line_1_6' title="bbox 52 619 1099 707; baseline -0.002 -22"><span class='ocrx_word' id='word_1_33' title='bbox 52 621 190 704; x_wconf 71' lang='lat' dir='ltr'>⁵tione,</span> <span class='ocrx_word' id='word_1_34' title='bbox 211 620 298 704; x_wconf 90' lang='lat' dir='ltr'>quod</span> <span class='ocrx_word' id='word_1_35' title='bbox 319 623 406 684; x_wconf 90' lang='lat' dir='ltr'>esset</span> <span class='ocrx_word' id='word_1_36' title='bbox 428 619 578 685; x_wconf 87' lang='lat' dir='ltr'>omnibus</span> <span class='ocrx_word' id='word_1_37' title='bbox 602 621 809 706; x_wconf 88' lang='lat' dir='ltr'>perspicuum</span> <span class='ocrx_word' id='word_1_38' title='bbox 832 622 909 687; x_wconf 87' lang='lat' dir='ltr'>deos</span> <span class='ocrx_word' id='word_1_39' title='bbox 933 619 1028 707; x_wconf 85' lang='lat' dir='ltr'>esse),</span> <span class='ocrx_word' id='word_1_40' title='bbox 1050 623 1099 684; x_wconf 89' lang='lat' dir='ltr'>ta·</span> 
     </span>
     <span class='ocr_line' id='line_1_7' title="bbox 82 707 1098 794; baseline 0 -22"><span class='ocrx_word' id='word_1_41' title='bbox 82 731 161 772; x_wconf 93' lang='lat' dir='ltr'>men</span> <span class='ocrx_word' id='word_1_42' title='bbox 194 707 229 772; x_wconf 87' lang='lat' dir='ltr'>id</span> <span class='ocrx_word' id='word_1_43' title='bbox 260 707 368 792; x_wconf 89' lang='lat' dir='ltr'>ipsum</span> <span class='ocrx_word' id='word_1_44' title='bbox 399 708 582 773; x_wconf 90' lang='lat' dir='ltr'>rationibus</span> <span class='ocrx_word' id='word_1_45' title='bbox 614 708 758 794; x_wconf 84' lang='lat' dir='ltr'>physicis</span> <span class='ocrx_word' id='word_1_46' title='bbox 790 711 982 776; x_wconf 89' lang='lat' dir='ltr'>confirmare</span> <span class='ocrx_word' id='word_1_47' title='bbox 1012 708 1098 775; x_wconf 84' lang='lat' dir='ltr'>volo.</span> 
     </span>
     <span class='ocr_line' id='line_1_8' title="bbox 82 795 1098 882; baseline -0.001 -20"><span class='ocrx_word' id='word_1_48' title='bbox 82 795 137 862; x_wconf 82' lang='lat' dir='ltr'>Sic</span> <span class='ocrx_word' id='word_1_49' title='bbox 157 795 245 860; x_wconf 91' lang='lat' dir='ltr'>enim</span> <span class='ocrx_word' id='word_1_50' title='bbox 263 818 316 861; x_wconf 87' lang='lat' dir='ltr'>res</span> <span class='ocrx_word' id='word_1_51' title='bbox 335 796 498 880; x_wconf 80' lang='lat' dir='ltr'>sehabet,</span> <span class='ocrx_word' id='word_1_52' title='bbox 520 801 557 861; x_wconf 93' lang='lat' dir='ltr'>ut</span> <span class='ocrx_word' id='word_1_53' title='bbox 576 798 694 882; x_wconf 88' lang='lat' dir='ltr'>omnia,</span> <span class='ocrx_word' id='word_1_54' title='bbox 712 820 795 882; x_wconf 88' lang='lat' dir='ltr'>quac</span> <span class='ocrx_word' id='word_1_55' title='bbox 814 798 946 863; x_wconf 81' lang='lat' dir='ltr'><strong>alantur</strong></span> <span class='ocrx_word' id='word_1_56' title='bbox 964 801 998 863; x_wconf 93' lang='lat' dir='ltr'>et</span> <span class='ocrx_word' id='word_1_57' title='bbox 1016 818 1098 880; x_wconf 87' lang='lat' dir='ltr'>quae</span> 
     </span>
     <span class='ocr_line' id='line_1_9' title="bbox 82 885 1099 971; baseline 0 -21"><span class='ocrx_word' id='word_1_58' title='bbox 82 887 242 968; x_wconf 73' lang='lat' dir='ltr'>crescant,</span> <span class='ocrx_word' id='word_1_59' title='bbox 264 885 453 950; x_wconf 88' lang='lat' dir='ltr'>contineant</span> <span class='ocrx_word' id='word_1_60' title='bbox 475 885 511 950; x_wconf 92' lang='lat' dir='ltr'>in</span> <span class='ocrx_word' id='word_1_61' title='bbox 533 906 568 950; x_wconf 87' lang='lat' dir='ltr'>se</span> <span class='ocrx_word' id='word_1_62' title='bbox 586 885 654 953; x_wconf 81' lang='lat' dir='ltr'>vim</span> <span class='ocrx_word' id='word_1_63' title='bbox 671 886 800 971; x_wconf 80' lang='lat' dir='ltr'>caloris,</span> <span class='ocrx_word' id='word_1_64' title='bbox 823 887 893 952; x_wconf 88' lang='lat' dir='ltr'>sine</span> <span class='ocrx_word' id='word_1_65' title='bbox 912 908 976 970; x_wconf 90' lang='lat' dir='ltr'>qua</span> <span class='ocrx_word' id='word_1_66' title='bbox 993 905 1099 969; x_wconf 87' lang='lat' dir='ltr'>nequa</span> 
     </span>
     <span class='ocr_line' id='line_1_10' title="bbox 82 971 1100 1059; baseline 0.001 -22"><span class='ocrx_word' id='word_1_67' title='bbox 82 973 130 1037; x_wconf 90' lang='lat' dir='ltr'>ali</span> <span class='ocrx_word' id='word_1_68' title='bbox 154 977 291 1058; x_wconf 89' lang='lat' dir='ltr'>possent</span> <span class='ocrx_word' id='word_1_69' title='bbox 312 995 373 1038; x_wconf 89' lang='lat' dir='ltr'>nee</span> <span class='ocrx_word' id='word_1_70' title='bbox 396 994 547 1050; x_wconf 81' lang='lat' dir='ltr'>cresccre.</span> <span class='ocrx_word' id='word_1_71' title='bbox 592 971 680 1039; x_wconf 89' lang='lat' dir='ltr'>Nam</span> <span class='ocrx_word' id='word_1_72' title='bbox 703 997 811 1059; x_wconf 84' lang='lat' dir='ltr'>omne,</span> <span class='ocrx_word' id='word_1_73' title='bbox 840 974 926 1059; x_wconf 88' lang='lat' dir='ltr'>quod</span> <span class='ocrx_word' id='word_1_74' title='bbox 949 978 1001 1039; x_wconf 94' lang='lat' dir='ltr'>est</span> <span class='ocrx_word' id='word_1_75' title='bbox 1023 973 1100 1039; x_wconf 91' lang='lat' dir='ltr'>cali·</span> 
     </span>
     <span class='ocr_line' id='line_1_11' title="bbox 39 1061 1099 1148; baseline 0.007 -29"><span class='ocrx_word' id='word_1_76' title='bbox 39 1062 163 1126; x_wconf 85' lang='lat' dir='ltr'>rodum</span> <span class='ocrx_word' id='word_1_77' title='bbox 186 1065 221 1126; x_wconf 89' lang='lat' dir='ltr'>et</span> <span class='ocrx_word' id='word_1_78' title='bbox 242 1062 384 1148; x_wconf 83' lang='lat' dir='ltr'>igneum,</span> <span class='ocrx_word' id='word_1_79' title='bbox 407 1061 510 1126; x_wconf 87' lang='lat' dir='ltr'>cietur</span> <span class='ocrx_word' id='word_1_80' title='bbox 533 1066 566 1127; x_wconf 89' lang='lat' dir='ltr'>et</span> <span class='ocrx_word' id='word_1_81' title='bbox 589 1063 706 1148; x_wconf 64' lang='lat' dir='ltr'>agitur.</span> <span class='ocrx_word' id='word_1_82' title='bbox 722 1066 815 1129; x_wconf 90' lang='lat' dir='ltr'>motu</span> <span class='ocrx_word' id='word_1_83' title='bbox 838 1085 911 1148; x_wconf 84' lang='lat' dir='ltr'>suo;</span> <span class='ocrx_word' id='word_1_84' title='bbox 940 1062 1026 1147; x_wconf 87' lang='lat' dir='ltr'>quod</span> <span class='ocrx_word' id='word_1_85' title='bbox 1044 1084 1099 1127; x_wconf 90' lang='lat' dir='ltr'>au·</span> 
     </span>
     <span class='ocr_line' id='line_1_12' title="bbox 80 1149 1100 1235; baseline 0 -21"><span class='ocrx_word' id='word_1_86' title='bbox 80 1153 153 1215; x_wconf 91' lang='lat' dir='ltr'>tem</span> <span class='ocrx_word' id='word_1_87' title='bbox 185 1150 287 1214; x_wconf 90' lang='lat' dir='ltr'>alitur</span> <span class='ocrx_word' id='word_1_88' title='bbox 313 1153 346 1215; x_wconf 87' lang='lat' dir='ltr'>et</span> <span class='ocrx_word' id='word_1_89' title='bbox 374 1149 503 1234; x_wconf 79' lang='lat' dir='ltr'>crescit,</span> <span class='ocrx_word' id='word_1_90' title='bbox 534 1155 627 1216; x_wconf 91' lang='lat' dir='ltr'>motu</span> <span class='ocrx_word' id='word_1_91' title='bbox 655 1151 796 1235; x_wconf 88' lang='lat' dir='ltr'>quodam</span> <span class='ocrx_word' id='word_1_92' title='bbox 822 1152 928 1216; x_wconf 88' lang='lat' dir='ltr'>utitur</span> <span class='ocrx_word' id='word_1_93' title='bbox 953 1155 1042 1216; x_wconf 87' lang='lat' dir='ltr'>certo</span> <span class='ocrx_word' id='word_1_94' title='bbox 1066 1153 1100 1215; x_wconf 90' lang='lat' dir='ltr'>et</span> 
     </span>
     <span class='ocr_line' id='line_1_13' title="bbox 81 1238 1099 1325; baseline -0.002 -21"><span class='ocrx_word' id='word_1_95' title='bbox 81 1238 263 1323; x_wconf 80' lang='lat' dir='ltr'>aequabili3</span> <span class='ocrx_word' id='word_1_96' title='bbox 297 1238 352 1323; x_wconf 91' lang='lat' dir='ltr'>qui</span> <span class='ocrx_word' id='word_1_97' title='bbox 380 1261 478 1323; x_wconf 87' lang='lat' dir='ltr'>quam</span> <span class='ocrx_word' id='word_1_98' title='bbox 506 1238 561 1304; x_wconf 88' lang='lat' dir='ltr'>din</span> <span class='ocrx_word' id='word_1_99' title='bbox 583 1244 730 1320; x_wconf 78' lang='lat' dir='ltr'>remanet</span> <span class='ocrx_word' id='word_1_100' title='bbox 751 1240 788 1304; x_wconf 91' lang='lat' dir='ltr'>in</span> <span class='ocrx_word' id='word_1_101' title='bbox 808 1241 919 1325; x_wconf 85' lang='lat' dir='ltr'>nobis,</span> <span class='ocrx_word' id='word_1_102' title='bbox 951 1239 1099 1304; x_wconf 89' lang='lat' dir='ltr'>tamdiu</span> 
     </span>
     <span class='ocr_line' id='line_1_14' title="bbox 81 1326 1112 1412; baseline 0 -21"><span class='ocrx_word' id='word_1_103' title='bbox 81 1348 199 1392; x_wconf 89' lang='lat' dir='ltr'>sensus</span> <span class='ocrx_word' id='word_1_104' title='bbox 223 1330 257 1392; x_wconf 90' lang='lat' dir='ltr'>et</span> <span class='ocrx_word' id='word_1_105' title='bbox 278 1327 348 1391; x_wconf 87' lang='lat' dir='ltr'>vita</span> <span class='ocrx_word' id='word_1_106' title='bbox 370 1330 530 1411; x_wconf 82' lang='lat' dir='ltr'>remanet3</span> <span class='ocrx_word' id='word_1_107' title='bbox 552 1326 746 1412; x_wconf 84' lang='lat' dir='ltr'>refrigerato</span> <span class='ocrx_word' id='word_1_108' title='bbox 771 1332 881 1393; x_wconf 88' lang='lat' dir='ltr'>autem</span> <span class='ocrx_word' id='word_1_109' title='bbox 903 1331 937 1392; x_wconf 92' lang='lat' dir='ltr'>et</span> <span class='ocrx_word' id='word_1_110' title='bbox 955 1328 1112 1392; x_wconf 87' lang='lat' dir='ltr'>extincto·</span> 
     </span>
     <span class='ocr_line' id='line_1_15' title="bbox 81 1415 1151 1503; baseline -0.002 -22"><span class='ocrx_word' id='word_1_111' title='bbox 81 1416 195 1481; x_wconf 88' lang='lat' dir='ltr'>calore</span> <span class='ocrx_word' id='word_1_112' title='bbox 222 1415 397 1480; x_wconf 89' lang='lat' dir='ltr'>occidimus</span> <span class='ocrx_word' id='word_1_113' title='bbox 424 1415 489 1501; x_wconf 89' lang='lat' dir='ltr'>ipsi</span> <span class='ocrx_word' id='word_1_114' title='bbox 516 1419 550 1480; x_wconf 89' lang='lat' dir='ltr'>et</span> <span class='ocrx_word' id='word_1_115' title='bbox 577 1416 805 1503; x_wconf 79' lang='lat' dir='ltr'>extinguimur.</span> <span class='ocrx_word' id='word_1_116' title='bbox 851 1415 945 1492; x_wconf 78' lang='lat' dir='ltr'>Quod</span> <span class='ocrx_word' id='word_1_117' title='bbox 967 1416 1097 1500; x_wconf 88' lang='lat' dir='ltr'>quidem</span> <span class='ocrx_word' id='word_1_118' title='bbox 1117 1431 1151 1480; x_wconf 77' lang='lat' dir='ltr'>ae</span> 
     </span>
     <span class='ocr_line' id='line_1_16' title="bbox 40 1503 1100 1590; baseline -0.003 -21"><span class='ocrx_word' id='word_1_119' title='bbox 40 1521 67 1562; x_wconf 83' lang='lat'>1⁵</span> <span class='ocrx_word' id='word_1_120' title='bbox 81 1503 262 1570; x_wconf 80' lang='lat' dir='ltr'>Cleanthes</span> <span class='ocrx_word' id='word_1_121' title='bbox 281 1503 333 1568; x_wconf 90' lang='lat' dir='ltr'>his</span> <span class='ocrx_word' id='word_1_122' title='bbox 353 1503 453 1568; x_wconf 87' lang='lat' dir='ltr'>etiam</span> <span class='ocrx_word' id='word_1_123' title='bbox 472 1504 674 1590; x_wconf 80' lang='lat' dir='ltr'>argumentis</span> <span class='ocrx_word' id='word_1_124' title='bbox 693 1505 797 1589; x_wconf 79' lang='lat' dir='ltr'>docet,</span> <span class='ocrx_word' id='word_1_125' title='bbox 815 1508 939 1588; x_wconf 91' lang='lat' dir='ltr'>quanta</span> <span class='ocrx_word' id='word_1_126' title='bbox 953 1505 1004 1570; x_wconf 85' lang='lat' dir='ltr'>vis</span> <span class='ocrx_word' id='word_1_127' title='bbox 1019 1503 1100 1568; x_wconf 92' lang='lat' dir='ltr'>insit</span> 
     </span>
     <span class='ocr_line' id='line_1_17' title="bbox 81 1591 1100 1679; baseline -0.003 -20"><span class='ocrx_word' id='word_1_128' title='bbox 81 1592 205 1659; x_wconf 86' lang='lat' dir='ltr'>caloris</span> <span class='ocrx_word' id='word_1_129' title='bbox 223 1591 259 1656; x_wconf 92' lang='lat' dir='ltr'>in</span> <span class='ocrx_word' id='word_1_130' title='bbox 277 1591 367 1656; x_wconf 93' lang='lat' dir='ltr'>omni</span> <span class='ocrx_word' id='word_1_131' title='bbox 385 1613 533 1676; x_wconf 87' lang='lat' dir='ltr'>corpore:</span> <span class='ocrx_word' id='word_1_132' title='bbox 554 1596 656 1679; x_wconf 81' lang='lat' dir='ltr'>negat</span> <span class='ocrx_word' id='word_1_133' title='bbox 674 1593 761 1658; x_wconf 87' lang='lat' dir='ltr'>enim</span> <span class='ocrx_word' id='word_1_134' title='bbox 779 1614 850 1658; x_wconf 86' lang='lat' dir='ltr'>esse</span> <span class='ocrx_word' id='word_1_135' title='bbox 868 1593 974 1657; x_wconf 90' lang='lat' dir='ltr'>ullum</span> <span class='ocrx_word' id='word_1_136' title='bbox 991 1592 1100 1657; x_wconf 90' lang='lat' dir='ltr'>cibum</span> 
     </span>
     <span class='ocr_line' id='line_1_18' title="bbox 80 1679 1099 1767; baseline -0.002 -21"><span class='ocrx_word' id='word_1_137' title='bbox 80 1685 322 1767; x_wconf 69' lang='lat' dir='ltr'>tamquarm⁷</span> <span class='ocrx_word' id='word_1_138' title='bbox 346 1679 425 1764; x_wconf 90' lang='lat' dir='ltr'>quin</span> <span class='ocrx_word' id='word_1_139' title='bbox 447 1679 476 1744; x_wconf 91' lang='lat' dir='ltr'>is</span> <span class='ocrx_word' id='word_1_140' title='bbox 498 1685 593 1746; x_wconf 86' lang='lat' dir='ltr'>nocte</span> <span class='ocrx_word' id='word_1_141' title='bbox 617 1685 650 1744; x_wconf 89' lang='lat' dir='ltr'>et</span> <span class='ocrx_word' id='word_1_142' title='bbox 674 1681 724 1746; x_wconf 88' lang='lat' dir='ltr'>die</span> <span class='ocrx_word' id='word_1_143' title='bbox 746 1679 981 1765; x_wconf 80' lang='lat' dir='ltr'>concoquetur3</span> <span class='ocrx_word' id='word_1_144' title='bbox 1008 1680 1099 1745; x_wconf 89' lang='lat' dir='ltr'>cuius</span> 
     </span>
     <span class='ocr_line' id='line_1_19' title="bbox 81 1768 1099 1858; baseline -0.003 -24"><span class='ocrx_word' id='word_1_145' title='bbox 81 1770 186 1834; x_wconf 89' lang='lat' dir='ltr'>ctiam</span> <span class='ocrx_word' id='word_1_146' title='bbox 204 1769 240 1833; x_wconf 94' lang='lat' dir='ltr'>in</span> <span class='ocrx_word' id='word_1_147' title='bbox 256 1768 404 1853; x_wconf 87' lang='lat' dir='ltr'>reliquiis</span> <span class='ocrx_word' id='word_1_148' title='bbox 422 1768 508 1832; x_wconf 88' lang='lat' dir='ltr'>inest</span> <span class='ocrx_word' id='word_1_149' title='bbox 527 1769 616 1834; x_wconf 85' lang='lat' dir='ltr'>calor</span> <span class='ocrx_word' id='word_1_150' title='bbox 631 1769 681 1852; x_wconf 87' lang='lat' dir='ltr'>iis,</span> <span class='ocrx_word' id='word_1_151' title='bbox 702 1791 783 1858; x_wconf 72' lang='lat' dir='ltr'>quaq</span> <span class='ocrx_word' id='word_1_152' title='bbox 796 1774 917 1834; x_wconf 88' lang='lat' dir='ltr'>natura</span> <span class='ocrx_word' id='word_1_153' title='bbox 929 1768 1099 1854; x_wconf 85' lang='lat' dir='ltr'>respuerit.</span> 
     </span>
     <span class='ocr_line' id='line_1_20' title="bbox 79 1856 1101 1941; baseline -0.004 -17"><span class='ocrx_word' id='word_1_154' title='bbox 79 1858 157 1924; x_wconf 88' lang='lat' dir='ltr'>Iam</span> <span class='ocrx_word' id='word_1_155' title='bbox 179 1879 257 1923; x_wconf 85' lang='lat' dir='ltr'>vero</span> <span class='ocrx_word' id='word_1_156' title='bbox 280 1878 382 1924; x_wconf 78' lang='lat' dir='ltr'>venae</span> <span class='ocrx_word' id='word_1_157' title='bbox 403 1861 437 1921; x_wconf 92' lang='lat' dir='ltr'>et</span> <span class='ocrx_word' id='word_1_158' title='bbox 455 1857 594 1922; x_wconf 79' lang='lat' dir='ltr'>arteriae</span> <span class='ocrx_word' id='word_1_159' title='bbox 612 1857 733 1924; x_wconf 85' lang='lat' dir='ltr'>micare</span> <span class='ocrx_word' id='word_1_160' title='bbox 750 1880 817 1923; x_wconf 93' lang='lat' dir='ltr'>non</span> <span class='ocrx_word' id='word_1_161' title='bbox 835 1858 988 1923; x_wconf 87' lang='lat' dir='ltr'>desinunt</span> <span class='ocrx_word' id='word_1_162' title='bbox 1006 1856 1101 1941; x_wconf 88' lang='lat' dir='ltr'>qnasi</span> 
     </span>
     <span class='ocr_line' id='line_1_21' title="bbox 39 1945 1101 2032; baseline -0.002 -21"><span class='ocrx_word' id='word_1_163' title='bbox 39 1965 66 2004; x_wconf 79' lang='lat'>²0</span> <span class='ocrx_word' id='word_1_164' title='bbox 82 1946 228 2032; x_wconf 88' lang='lat' dir='ltr'>quodam</span> <span class='ocrx_word' id='word_1_165' title='bbox 245 1945 343 2032; x_wconf 82' lang='lat' dir='ltr'>igneo</span> <span class='ocrx_word' id='word_1_166' title='bbox 362 1949 463 2029; x_wconf 84' lang='lat' dir='ltr'>motu,</span> <span class='ocrx_word' id='word_1_167' title='bbox 487 1945 811 2030; x_wconf 85' lang='lat' dir='ltr'>animadversumque</span> <span class='ocrx_word' id='word_1_168' title='bbox 830 1966 926 2030; x_wconf 85' lang='lat' dir='ltr'>saepe</span> <span class='ocrx_word' id='word_1_169' title='bbox 945 1949 1005 2030; x_wconf 85' lang='lat' dir='ltr'>est,</span> <span class='ocrx_word' id='word_1_170' title='bbox 1027 1967 1101 2011; x_wconf 92' lang='lat' dir='ltr'>oum</span> 
     </span>
     <span class='ocr_line' id='line_1_22' title="bbox 81 2034 1103 2120; baseline -0.002 -20"><span class='ocrx_word' id='word_1_171' title='bbox 81 2057 141 2101; x_wconf 89' lang='lat' dir='ltr'>cor</span> <span class='ocrx_word' id='word_1_172' title='bbox 170 2034 347 2099; x_wconf 88' lang='lat' dir='ltr'>animantis</span> <span class='ocrx_word' id='word_1_173' title='bbox 371 2034 508 2099; x_wconf 84' lang='lat' dir='ltr'>alieuius</span> <span class='ocrx_word' id='word_1_174' title='bbox 531 2035 679 2100; x_wconf 85' lang='lat' dir='ltr'>evolsum</span> <span class='ocrx_word' id='word_1_175' title='bbox 701 2035 751 2100; x_wconf 88' lang='lat' dir='ltr'>ita</span> <span class='ocrx_word' id='word_1_176' title='bbox 772 2034 939 2100; x_wconf 85' lang='lat' dir='ltr'>mobiliter</span> <span class='ocrx_word' id='word_1_177' title='bbox 961 2034 1103 2120; x_wconf 84' lang='lat' dir='ltr'>palpita-¹</span> 
     </span>
     <span class='ocr_line' id='line_1_23' title="bbox 81 2122 1101 2209; baseline -0.002 -21"><span class='ocrx_word' id='word_1_178' title='bbox 81 2128 149 2207; x_wconf 86' lang='lat' dir='ltr'>ret,</span> <span class='ocrx_word' id='word_1_179' title='bbox 177 2126 216 2187; x_wconf 91' lang='lat' dir='ltr'>ut</span> <span class='ocrx_word' id='word_1_180' title='bbox 241 2122 427 2187; x_wconf 88' lang='lat' dir='ltr'>imitaretur</span> <span class='ocrx_word' id='word_1_181' title='bbox 453 2122 586 2208; x_wconf 79' lang='lat' dir='ltr'>igneam</span> <span class='ocrx_word' id='word_1_182' title='bbox 608 2123 818 2189; x_wconf 83' lang='lat' dir='ltr'>celeritatem.</span> <span class='ocrx_word' id='word_1_183' title='bbox 864 2122 967 2188; x_wconf 89' lang='lat' dir='ltr'>Omne</span> <span class='ocrx_word' id='word_1_184' title='bbox 989 2123 1101 2209; x_wconf 85' lang='lat' dir='ltr'>igitur,</span> 
     </span>
     <span class='ocr_line' id='line_1_24' title="bbox 82 2210 1101 2312; baseline -0.002 -36"><span class='ocrx_word' id='word_1_185' title='bbox 82 2211 174 2297; x_wconf 90' lang='lat' dir='ltr'>quod</span> <span class='ocrx_word' id='word_1_186' title='bbox 200 2210 293 2312; x_wconf 76' lang='lat' dir='ltr'>vivit,</span> <span class='ocrx_word' id='word_1_187' title='bbox 324 2210 393 2277; x_wconf 84' lang='lat' dir='ltr'>sive</span> <span class='ocrx_word' id='word_1_188' title='bbox 425 2211 547 2312; x_wconf 79' lang='lat' dir='ltr'>animal</span> <span class='ocrx_word' id='word_1_189' title='bbox 575 2211 644 2276; x_wconf 86' lang='lat' dir='ltr'>sive</span> <span class='ocrx_word' id='word_1_190' title='bbox 671 2215 760 2277; x_wconf 87' lang='lat' dir='ltr'>terra</span> <span class='ocrx_word' id='word_1_191' title='bbox 787 2212 923 2296; x_wconf 84' lang='lat' dir='ltr'>editum,</span> <span class='ocrx_word' id='word_1_192' title='bbox 955 2211 990 2276; x_wconf 90' lang='lat' dir='ltr'>id</span> <span class='ocrx_word' id='word_1_193' title='bbox 1017 2211 1101 2276; x_wconf 79' lang='lat' dir='ltr'>vivit</span> 
     </span>
     <span class='ocr_line' id='line_1_25' title="bbox 41 2298 1101 2455; baseline 0.006 -11"><span class='ocrx_word' id='word_1_194' title='bbox 41 2406 68 2445; x_wconf 71' lang='lat'>2.</span> <span class='ocrx_word' id='word_1_195' title='bbox 81 2298 422 2454; x_wconf 62' lang='lat' dir='ltr'>ttttttttttt</span> <span class='ocrx_word' id='word_1_196' title='bbox 444 2299 832 2455; x_wconf 62' lang='lat' dir='ltr'>tt..t³l⁰.tt...l{</span> <span class='ocrx_word' id='word_1_197' title='bbox 852 2300 1101 2454; x_wconf 49' lang='lat' dir='ltr'>{attilii}</span> 
     </span>
     <span class='ocr_line' id='line_1_26' title="bbox 81 2475 1151 2564; baseline -0.006 -22"><span class='ocrx_word' id='word_1_198' title='bbox 81 2499 144 2564; x_wconf 86' lang='lat' dir='ltr'>per</span> <span class='ocrx_word' id='word_1_199' title='bbox 171 2497 302 2542; x_wconf 91' lang='lat' dir='ltr'>omnem</span> <span class='ocrx_word' id='word_1_200' title='bbox 328 2475 485 2540; x_wconf 87' lang='lat' dir='ltr'>mundum</span> <span class='ocrx_word' id='word_1_201' title='bbox 510 2476 736 2560; x_wconf 86' lang='lat' dir='ltr'>pertinentem.</span> <span class='ocrx_word' id='word_1_202' title='bbox 781 2475 892 2561; x_wconf 88' lang='lat' dir='ltr'>Atque</span> <span class='ocrx_word' id='word_1_203' title='bbox 915 2477 950 2540; x_wconf 90' lang='lat' dir='ltr'>id</span> <span class='ocrx_word' id='word_1_204' title='bbox 970 2475 1100 2540; x_wconf 88' lang='lat' dir='ltr'>facilius</span> <span class='ocrx_word' id='word_1_205' title='bbox 1119 2487 1151 2536; x_wconf 75' lang='lat'>25</span> 
     </span>
     <span class='ocr_line' id='line_1_27' title="bbox 82 2563 1100 2651; baseline -0.004 -20"><span class='ocrx_word' id='word_1_206' title='bbox 82 2586 255 2632; x_wconf 89' lang='lat' dir='ltr'>cernemus</span> <span class='ocrx_word' id='word_1_207' title='bbox 277 2567 350 2630; x_wconf 91' lang='lat' dir='ltr'>toto</span> <span class='ocrx_word' id='word_1_208' title='bbox 374 2585 492 2651; x_wconf 82' lang='lat' dir='ltr'>genere</span> <span class='ocrx_word' id='word_1_209' title='bbox 514 2564 576 2630; x_wconf 87' lang='lat' dir='ltr'>hoe</span> <span class='ocrx_word' id='word_1_210' title='bbox 597 2565 709 2650; x_wconf 84' lang='lat' dir='ltr'>igneo,</span> <span class='ocrx_word' id='word_1_211' title='bbox 737 2565 823 2650; x_wconf 88' lang='lat' dir='ltr'>quod</span> <span class='ocrx_word' id='word_1_212' title='bbox 845 2567 958 2629; x_wconf 89' lang='lat' dir='ltr'>tranat</span> <span class='ocrx_word' id='word_1_213' title='bbox 980 2563 1100 2647; x_wconf 88' lang='lat' dir='ltr'>omnia,</span> 
     </span>
     <span class='ocr_line' id='line_1_28' title="bbox 82 2651 1100 2739; baseline -0.005 -20"><span class='ocrx_word' id='word_1_214' title='bbox 82 2653 241 2719; x_wconf 87' lang='lat' dir='ltr'>subtilius</span> <span class='ocrx_word' id='word_1_215' title='bbox 264 2652 436 2738; x_wconf 85' lang='lat' dir='ltr'>explicato.</span> <span class='ocrx_word' id='word_1_216' title='bbox 477 2651 598 2717; x_wconf 90' lang='lat' dir='ltr'>Omnes</span> <span class='ocrx_word' id='word_1_217' title='bbox 621 2653 724 2739; x_wconf 78' lang='lat' dir='ltr'>igitur</span> <span class='ocrx_word' id='word_1_218' title='bbox 745 2657 857 2739; x_wconf 88' lang='lat' dir='ltr'>partes</span> <span class='ocrx_word' id='word_1_219' title='bbox 880 2651 993 2717; x_wconf 88' lang='lat' dir='ltr'>mundi</span> <span class='ocrx_word' id='word_1_220' title='bbox 1016 2651 1100 2738; x_wconf 80' lang='lat' dir='ltr'>(tan-</span> 
     </span>
     <span class='ocr_line' id='line_1_29' title="bbox 83 2738 1100 2830; baseline -0.003 -23"><span class='ocrx_word' id='word_1_221' title='bbox 83 2765 164 2830; x_wconf 83' lang='lat' dir='ltr'>gam</span> <span class='ocrx_word' id='word_1_222' title='bbox 188 2744 298 2806; x_wconf 89' lang='lat' dir='ltr'>autem</span> <span class='ocrx_word' id='word_1_223' title='bbox 321 2739 495 2827; x_wconf 85' lang='lat' dir='ltr'>maximas)</span> <span class='ocrx_word' id='word_1_224' title='bbox 514 2741 621 2807; x_wconf 89' lang='lat' dir='ltr'>calore</span> <span class='ocrx_word' id='word_1_225' title='bbox 639 2741 743 2807; x_wconf 83' lang='lat' dir='ltr'>fultae</span> <span class='ocrx_word' id='word_1_226' title='bbox 762 2742 979 2807; x_wconf 86' lang='lat' dir='ltr'>sustinentur.¹</span> <span class='ocrx_word' id='word_1_227' title='bbox 1007 2738 1100 2815; x_wconf 80' lang='lat' dir='ltr'>Quod</span> 
     </span>
     <span class='ocr_line' id='line_1_30' title="bbox 42 2827 1101 3005; baseline -0.003 -21"><span class='ocrx_word' id='word_1_228' title='bbox 42 2848 234 3005; x_wconf 65' lang='lat' dir='ltr'>³⁰ttttt</span> <span class='ocrx_word' id='word_1_229' title='bbox 259 2827 1045 3005; x_wconf 50' lang='lat' dir='ltr'>tttttttttttettltgttttdltt</span> <span class='ocrx_word' id='word_1_230' title='bbox 1067 2831 1101 2982; x_wconf 72' lang='lat' dir='ltr'>{t</span> 
     </span>
     <span class='ocr_line' id='line_1_31' title="bbox 82 3005 1101 3091; baseline -0.004 -18"><span class='ocrx_word' id='word_1_231' title='bbox 82 3007 209 3074; x_wconf 87' lang='lat' dir='ltr'>recenti</span> <span class='ocrx_word' id='word_1_232' title='bbox 231 3005 376 3072; x_wconf 84' lang='lat' dir='ltr'>fossione</span> <span class='ocrx_word' id='word_1_233' title='bbox 398 3010 522 3072; x_wconf 88' lang='lat' dir='ltr'>terram</span> <span class='ocrx_word' id='word_1_234' title='bbox 543 3005 670 3072; x_wconf 83' lang='lat' dir='ltr'>fumare</span> <span class='ocrx_word' id='word_1_235' title='bbox 690 3006 859 3091; x_wconf 87' lang='lat' dir='ltr'>calentem,</span> <span class='ocrx_word' id='word_1_236' title='bbox 883 3009 981 3090; x_wconf 88' lang='lat' dir='ltr'>atque</span> <span class='ocrx_word' id='word_1_237' title='bbox 1000 3006 1101 3070; x_wconf 88' lang='lat' dir='ltr'>etiam</span> 
     </span>
     <span class='ocr_line' id='line_1_32' title="bbox 83 3094 1100 3182; baseline -0.001 -21"><span class='ocrx_word' id='word_1_238' title='bbox 83 3120 124 3161; x_wconf 86' lang='lat' dir='ltr'>ex</span> <span class='ocrx_word' id='word_1_239' title='bbox 146 3095 257 3182; x_wconf 87' lang='lat' dir='ltr'>puteis</span> <span class='ocrx_word' id='word_1_240' title='bbox 280 3095 412 3181; x_wconf 86' lang='lat' dir='ltr'>iugibus</span> <span class='ocrx_word' id='word_1_241' title='bbox 435 3116 554 3179; x_wconf 91' lang='lat' dir='ltr'>aquam</span> <span class='ocrx_word' id='word_1_242' title='bbox 578 3096 717 3160; x_wconf 85' lang='lat' dir='ltr'>calidam</span> <span class='ocrx_word' id='word_1_243' title='bbox 735 3095 834 3180; x_wconf 85' lang='lat' dir='ltr'>trahi,</span> <span class='ocrx_word' id='word_1_244' title='bbox 857 3098 890 3159; x_wconf 88' lang='lat' dir='ltr'>et</span> <span class='ocrx_word' id='word_1_245' title='bbox 908 3095 943 3159; x_wconf 93' lang='lat' dir='ltr'>id</span> <span class='ocrx_word' id='word_1_246' title='bbox 960 3094 1100 3160; x_wconf 83' lang='lat' dir='ltr'>maxime</span> 
     </span>
     <span class='ocr_line' id='line_1_33' title="bbox 82 3183 1100 3270; baseline -0.002 -20"><span class='ocrx_word' id='word_1_247' title='bbox 82 3185 156 3250; x_wconf 90' lang='lat' dir='ltr'>fieri</span> <span class='ocrx_word' id='word_1_248' title='bbox 179 3183 384 3268; x_wconf 89' lang='lat' dir='ltr'>temporibus</span> <span class='ocrx_word' id='word_1_249' title='bbox 407 3183 566 3267; x_wconf 84' lang='lat' dir='ltr'>hibernis,</span> <span class='ocrx_word' id='word_1_250' title='bbox 595 3184 681 3268; x_wconf 92' lang='lat' dir='ltr'>quod</span> <span class='ocrx_word' id='word_1_251' title='bbox 703 3205 825 3270; x_wconf 83' lang='lat' dir='ltr'>magna</span> <span class='ocrx_word' id='word_1_252' title='bbox 847 3183 896 3248; x_wconf 83' lang='lat' dir='ltr'>vis</span> <span class='ocrx_word' id='word_1_253' title='bbox 920 3185 1027 3248; x_wconf 88' lang='lat' dir='ltr'>terrae</span> <span class='ocrx_word' id='word_1_254' title='bbox 1051 3206 1100 3248; x_wconf 90' lang='lat' dir='ltr'>ca-</span> 
     </span>
     <span class='ocr_line' id='line_1_34' title="bbox 45 3271 1099 3356; baseline -0.003 -17"><span class='ocrx_word' id='word_1_255' title='bbox 45 3288 69 3330; x_wconf 73' lang='lat'>⁸⁵</span> <span class='ocrx_word' id='word_1_256' title='bbox 82 3273 194 3339; x_wconf 84' lang='lat' dir='ltr'>vernis</span> <span class='ocrx_word' id='word_1_257' title='bbox 218 3271 424 3338; x_wconf 89' lang='lat' dir='ltr'>contineatur</span> <span class='ocrx_word' id='word_1_258' title='bbox 447 3272 566 3337; x_wconf 88' lang='lat' dir='ltr'>caloris</span> <span class='ocrx_word' id='word_1_259' title='bbox 589 3293 691 3356; x_wconf 91' lang='lat' dir='ltr'>eaque</span> <span class='ocrx_word' id='word_1_260' title='bbox 713 3271 820 3337; x_wconf 90' lang='lat' dir='ltr'>hieme</span> <span class='ocrx_word' id='word_1_261' title='bbox 844 3272 889 3337; x_wconf 92' lang='lat' dir='ltr'>sit</span> <span class='ocrx_word' id='word_1_262' title='bbox 909 3272 1039 3337; x_wconf 86' lang='lat' dir='ltr'>densior</span> <span class='ocrx_word' id='word_1_263' title='bbox 1057 3271 1099 3337; x_wconf 92' lang='lat' dir='ltr'>ob</span> 
     </span>
     <span class='ocr_line' id='line_1_35' title="bbox 83 3359 1153 3473; baseline -0.004 -45"><span class='ocrx_word' id='word_1_264' title='bbox 83 3383 222 3446; x_wconf 88' lang='lat' dir='ltr'>eamque</span> <span class='ocrx_word' id='word_1_265' title='bbox 251 3382 383 3426; x_wconf 88' lang='lat' dir='ltr'>eausam</span> <span class='ocrx_word' id='word_1_266' title='bbox 412 3359 555 3425; x_wconf 88' lang='lat' dir='ltr'>calorem</span> <span class='ocrx_word' id='word_1_267' title='bbox 583 3360 720 3425; x_wconf 90' lang='lat' dir='ltr'>insitum</span> <span class='ocrx_word' id='word_1_268' title='bbox 748 3360 785 3425; x_wconf 92' lang='lat' dir='ltr'>in</span> <span class='ocrx_word' id='word_1_269' title='bbox 812 3360 911 3426; x_wconf 86' lang='lat' dir='ltr'>terris</span> <span class='ocrx_word' id='word_1_270' title='bbox 934 3360 1100 3427; x_wconf 91' lang='lat' dir='ltr'>contineat</span> <span class='ocrx_word' id='word_1_271' title='bbox 1112 3411 1153 3473; x_wconf 71' lang='grc'>10</span> 
     </span>
     <span class='ocr_line' id='line_1_36' title="bbox 83 3446 1152 3535; baseline -0.005 -19"><span class='ocrx_word' id='word_1_272' title='bbox 83 3451 197 3516; x_wconf 88' lang='lat' dir='ltr'>artius.</span> <span class='ocrx_word' id='word_1_273' title='bbox 243 3446 360 3535; x_wconf 83' lang='lat' dir='ltr'>Longa</span> <span class='ocrx_word' id='word_1_274' title='bbox 387 3452 439 3513; x_wconf 88' lang='lat' dir='ltr'>est</span> <span class='ocrx_word' id='word_1_275' title='bbox 461 3449 567 3514; x_wconf 88' lang='lat' dir='ltr'>oratio</span> <span class='ocrx_word' id='word_1_276' title='bbox 591 3449 777 3534; x_wconf 85' lang='lat' dir='ltr'>multaeque</span> <span class='ocrx_word' id='word_1_277' title='bbox 799 3449 957 3535; x_wconf 87' lang='lat' dir='ltr'>rationes,</span> <span class='ocrx_word' id='word_1_278' title='bbox 982 3449 1099 3533; x_wconf 88' lang='lat' dir='ltr'>quibus</span> <span class='ocrx_word' id='word_1_279' title='bbox 1118 3487 1152 3534; x_wconf 67' lang='lat'>26</span> 
     </span>
    </p>
   </div>
   <div class='ocr_carea' id='block_1_3' title="bbox 0 0 1315 3894">
    <p class='ocr_par' dir='ltr' id='par_1_3' title="bbox 0 0 1315 3894">
     <span class='ocr_line' id='line_1_37' title="bbox 0 0 1315 3894; baseline 0 0"><span class='ocrx_word' id='word_1_280' title='bbox 0 0 1315 3894; x_wconf 95' lang='lat' dir='ltr'> </span> 
     </span>
    </p>
   </div>
  </div>
 </body>
</html>
