2528 3880
173 153 241 218 300
536 153 829 209 nominemur

173 299 280 363 nostri
305 320 405 384 penes
433 298 581 384 singulos
609 319 680 362 esse
701 299 890 382 voluerunt,
918 320 1058 383 quorum
1080 299 1187 384 ipsum

173 408 294 452 nomen
322 388 390 452 vim
420 409 497 452 suae
526 386 703 471 potestatis
730 387 861 452 indicat.
905 385 994 451 Nam
1017 388 1187 454 dictator

175 475 306 560 quidem
333 476 375 540 ab
402 497 441 540 eo
469 476 668 560 appellatur,
701 475 778 558 quia
805 474 962 559 dieitur,
993 477 1113 540 sedin
1132 497 1187 542 no
1252 509 1253 522 ¹

175 565 254 628 stris
286 564 380 628 libris
411 562 502 629 rides
535 585 622 644 eum,
652 561 759 645 Laeli,
791 563 1022 648 magistrum
1053 565 1185 649 populi

175 654 344 737 appellari.
379 652 418 716 L.
436 651 551 736 Video,
572 651 687 736 inquit.
723 650 769 716 Et
789 647 911 736 Scipio:
934 649 1109 737 Sapienter
1129 653 1208 740 igi-⁵

174 746 230 806 tur
246 742 298 806 illi
320 743 456 806 veteres.
471 790 479 806 .
493 789 524 806 ..

121 973 163 1035 41
426 880 664 962 [Desiderantur
679 882 819 966 pruinae
840 883 941 963 duaa]

122 1007 289 1099 641).149]
363 1004 532 1070 ...iusto
556 1004 685 1090 quidem
708 1026 786 1090 rege
809 1026 883 1070 eum
906 1008 957 1070 est
979 1007 1121 1091 populus
1139 1027 1183 1072 or·

175 1096 287 1179 butue,
317 1093 493 1178 ‘pectora
519 1091 585 1157 diu
606 1096 718 1157 tenet
741 1092 1002 1179 desidorium’,
1034 1095 1119 1160 siout
1141 1095 1184 1160 ait

146 1210 150 1216 ·
175 1183 310 1267 Ennius,
334 1181 439 1266 ‘post
462 1181 602 1265 optimi
624 1181 729 1266 regis
752 1181 930 1266 obitum'3

944 1270 1061 1336 simul
1083 1271 1219 1336 interro

221 1359 311 1425 Sese
335 1358 390 1424 sio
412 1361 639 1423 memorant:
670 1357 706 1422 ‘o
728 1357 905 1443 Romule,
931 1358 1093 1424 Romulo
1116 1360 1184 1443 die,

221 1448 381 1525 Qualem
403 1451 442 1512 te
464 1447 618 1533 patriae
641 1447 838 1512 custodem
861 1445 900 1510 di
922 1449 1152 1533 genuerunt!

221 1538 393 1622 Opater,
415 1558 435 1600 o
455 1535 623 1620 genitor,
646 1556 666 1599 o
685 1555 859 1620 sanguen
877 1534 935 1600 dis
955 1535 1184 1600 oriundumt’

177 1625 253 1692 Non
271 1646 357 1690 eros
374 1646 435 1689 neo
453 1623 629 1688 dominos
648 1623 861 1708 appellabant
879 1644 944 1708 eos,
968 1624 1087 1708 quibus
1104 1623 1185 1689 iuste

176 1716 364 1801 paruerunt,
387 1712 524 1796 deniquo
546 1733 587 1775 ne
610 1731 722 1796 reges
746 1711 885 1796 quidem,
908 1712 964 1777 sed
987 1713 1115 1797 patriae
1137 1735 1185 1778 eu·
1197 1734 1220 1774 15

177 1803 301 1886 stodes,
333 1800 389 1866 sed
420 1803 545 1885 patres,
577 1799 635 1864 sed
663 1799 754 1884 deos3
785 1821 845 1864 neo
872 1800 942 1865 sine
969 1822 1081 1886 oausa3
1113 1801 1186 1886 quid

175 1921 203 1973 p.
224 1893 289 1972 150]
310 1888 316 1974 Ι
336 1889 423 1955 enim
446 1887 649 1974 adiungunt?
1145 1903 1148 1908 ·

221 1979 275 2043 Tu
297 1976 520 2063 produxisti
541 1997 610 2041 nos
633 1975 739 2041 intra
761 1976 921 2042 luminis
945 1999 1043 2042 ores.

175 2066 298 2151 Vitam,
320 2067 491 2148 honorem,
515 2065 610 2129 deous
634 2065 697 2129 sibi
720 2065 834 2130 datum
856 2086 928 2130 esse
950 2065 1080 2132 iustitie
1102 2069 1185 2154 regis

177 2155 417 2222 existimabant.
453 2152 629 2218 Mansisset
647 2153 761 2218 eadem
779 2154 932 2218 voluntas
951 2153 985 2218 in
1005 2177 1118 2220 eorum
1134 2178 1187 2241 po·
1198 2174 1222 2214 ro

177 2245 283 2327 steris,
297 2244 326 2308 si
339 2263 454 2329 regum
467 2241 647 2306 similitudo
661 2241 905 2326 permansisset,
920 2242 977 2306 sed
989 2243 1082 2308 vides
1096 2245 1187 2309 unius
1252 2279 1253 2284 1

175 2332 339 2398 iniustitia
371 2329 548 2396 oonoidisse
580 2350 682 2414 genus
710 2330 792 2394 illud
820 2333 930 2395 totum
956 2331 1004 2396 roi
1031 2333 1188 2417 publicae.

175 2422 213 2486 L.
232 2421 336 2485 Video
359 2440 446 2503 vero,
467 2417 583 2503 inquit,
606 2421 640 2482 et
662 2417 776 2483 studeo
799 2439 912 2484 sursus
933 2418 1017 2484 istos
1036 2422 1189 2487 mutatio·

175 2538 203 2590 p.
224 2510 289 2590 147]
312 2529 391 2572 num
411 2507 416 2592 Ι
436 2527 502 2571 non
529 2505 635 2591 magis
662 2506 697 2570 in
722 2509 837 2572 nostra
864 2528 963 2591 quam
985 2507 1021 2573 in
1045 2509 1135 2574 omni
1156 2532 1188 2574 re

122 2597 532 2769 42PUbidiaSIii1iidiedtst
560 2683 693 2749 omnino
739 2705 813 2749 oum
843 2682 882 2748 do
909 2683 969 2749 illo
998 2706 1119 2770 genere
1144 2686 1189 2752 rei
1200 2613 1221 2654 ²⁵

123 2735 158 2784 ⁶5
176 2774 336 2860 publicae,
359 2772 445 2857 quod
463 2771 603 2836 maxime
621 2733 735 2858 pretio,
758 2793 840 2857 quae
859 2773 974 2856 sentio,
998 2773 1121 2859 dixero,
1144 2797 1191 2841 eo·

177 2862 320 2928 curatius
353 2860 434 2926 mihi
466 2859 636 2925 dicendum
669 2861 708 2925 do
739 2860 1050 2927 commutationibus
1084 2884 1189 2928 rerum

175 2950 394 3035 publicarum,
422 2947 485 3012 etsi
512 2948 645 3013 minime
672 2948 768 3014 feoile
796 2971 851 3014 eas
877 2949 913 3013 in
940 2971 979 3014 ea
1000 2971 1037 3014 re
1060 2951 1190 3036 publiea

174 3038 303 3103 futuras
331 3039 420 3122 pute.
466 3033 530 3102 Sed
556 3037 652 3102 huius
680 3037 790 3122 regiae
816 3036 923 3122 prima
950 3041 984 3103 et
1008 3039 1221 3105 certissimas

176 3129 227 3192 est
250 3125 310 3190 illa
332 3124 485 3191 mutatio:
514 3123 597 3191 Oum
620 3147 676 3190 rex
698 3124 840 3190 iniustus
864 3147 934 3191 esse
957 3127 1079 3211 eoepit,
1108 3129 1191 3213 perit

175 3213 259 3279 illud
287 3213 363 3278 ilieo
392 3235 509 3301 genus,
536 3217 569 3278 et
598 3216 649 3277 est
670 3212 756 3277 idem
778 3213 836 3278 ille
859 3217 1032 3299 tyrannus,
1062 3215 1191 3281 deterri·

175 3330 203 3382 p.
221 3303 284 3382 148]
309 3322 398 3366 mum
419 3301 424 3386 Ι
445 3322 547 3388 genus
567 3305 600 3367 et
618 3301 795 3367 finitimum
813 3303 953 3387 optim03
977 3324 1073 3386 quem
1093 3304 1122 3369 si
1140 3326 1191 3390 op

175 3389 310 3455 timates
330 3392 571 3474 oppresserunt,
591 3389 678 3474 quod
695 3389 798 3454 ferme
818 3390 935 3474 evenit,
953 3391 1056 3456 hebet
1070 3395 1189 3458 statum

175 3499 228 3543 res
260 3477 393 3563 publica
425 3477 464 3542 de
496 3478 602 3542 tribus
636 3478 875 3563 secundarium
907 3481 958 3544 est
985 3479 1072 3544 enim
1101 3480 1221 3566 quasin
