<?xml version="1.0" encoding="UTF-8"?>
<!DOCTYPE html PUBLIC "-//W3C//DTD XHTML 1.0 Transitional//EN"
    "http://www.w3.org/TR/xhtml1/DTD/xhtml1-transitional.dtd">
<html xmlns="http://www.w3.org/1999/xhtml" xml:lang="en" lang="en">
 <head>
  <title>
</title>
<meta http-equiv="Content-Type" content="text/html;charset=utf-8" />
  <meta name='ocr-system' content='tesseract 3.04.00' />
  <meta name='ocr-capabilities' content='ocr_page ocr_carea ocr_par ocr_line ocrx_word'/>
</head>
<body>
  <div class='ocr_page' id='page_1' title='image "./scriptaquaemans02mullgoog_0210.png"; bbox 0 0 2610 3894; ppageno 0'>
   <div class='ocr_carea' id='block_1_1' title="bbox 78 3089 106 3130">
    <p class='ocr_par' dir='ltr' id='par_1_1' title="bbox 78 3089 106 3130">
     <span class='ocr_line' id='line_1_1' title="bbox 78 3089 106 3130; baseline 0.036 -1"><span class='ocrx_word' id='word_1_1' title='bbox 78 3089 106 3130; x_wconf 74' lang='lat'><strong>25</strong></span> 
     </span>
    </p>
   </div>
   <div class='ocr_carea' id='block_1_2' title="bbox 357 96 1120 164">
    <p class='ocr_par' dir='ltr' id='par_1_2' title="bbox 357 96 1120 164">
     <span class='ocr_line' id='line_1_2' title="bbox 357 96 1120 164; baseline 0.013 -11"><span class='ocrx_word' id='word_1_2' title='bbox 357 97 426 153; x_wconf 73' lang='grc' dir='ltr'><strong>ΜΒ.</strong></span> <span class='ocrx_word' id='word_1_3' title='bbox 446 97 466 150; x_wconf 89' lang='lat'><strong>1.</strong></span> <span class='ocrx_word' id='word_1_4' title='bbox 492 96 568 151; x_wconf 80' lang='lat' dir='ltr'><strong>onP.</strong></span> <span class='ocrx_word' id='word_1_5' title='bbox 589 103 703 153; x_wconf 87' lang='lat'>11-13.</span> <span class='ocrx_word' id='word_1_6' title='bbox 727 102 742 163; x_wconf 74' lang='lat' dir='ltr'><strong>s</strong></span> <span class='ocrx_word' id='word_1_7' title='bbox 762 103 875 154; x_wconf 76' lang='lat'>18-22.</span> <span class='ocrx_word' id='word_1_8' title='bbox 1056 97 1120 164; x_wconf 84' lang='lat'><strong>153</strong></span> 
     </span>
    </p>
   </div>
   <div class='ocr_carea' id='block_1_3' title="bbox 157 241 1179 2271">
    <p class='ocr_par' dir='ltr' id='par_1_3' title="bbox 157 241 1179 2271">
     <span class='ocr_line' id='line_1_3' title="bbox 157 241 1122 326; baseline 0 -19"><span class='ocrx_word' id='word_1_9' title='bbox 157 241 249 308; x_wconf 81' lang='lat' dir='ltr'><strong>Tum</strong></span> <span class='ocrx_word' id='word_1_10' title='bbox 281 241 367 326; x_wconf 89' lang='lat' dir='ltr'><strong>quis</strong></span> <span class='ocrx_word' id='word_1_11' title='bbox 398 263 475 307; x_wconf 92' lang='lat' dir='ltr'><strong>non</strong></span> <span class='ocrx_word' id='word_1_12' title='bbox 502 241 601 307; x_wconf 91' lang='lat' dir='ltr'><strong>artis</strong></span> <span class='ocrx_word' id='word_1_13' title='bbox 630 242 780 326; x_wconf 91' lang='lat' dir='ltr'><strong>scripta</strong></span> <span class='ocrx_word' id='word_1_14' title='bbox 807 264 850 308; x_wconf 91' lang='lat' dir='ltr'><strong>ac</strong></span> <span class='ocrx_word' id='word_1_15' title='bbox 877 246 1122 308; x_wconf 89' lang='lat' dir='ltr'><strong>monumenta</strong></span> 
     </span>
     <span class='ocr_line' id='line_1_4' title="bbox 851 331 1033 396; baseline 0 0"><span class='ocrx_word' id='word_1_16' title='bbox 851 331 1033 396; x_wconf 82' lang='lat' dir='ltr'><strong>volutans</strong></span> 
     </span>
     <span class='ocr_line' id='line_1_5' title="bbox 157 417 1121 505; baseline 0 -21"><span class='ocrx_word' id='word_1_17' title='bbox 157 417 280 484; x_wconf 88' lang='lat' dir='ltr'><strong>Voces</strong></span> <span class='ocrx_word' id='word_1_18' title='bbox 299 418 514 484; x_wconf 84' lang='lat' dir='ltr'><strong>tristificas</strong></span> <span class='ocrx_word' id='word_1_19' title='bbox 534 419 683 484; x_wconf 87' lang='lat' dir='ltr'><strong>chartis</strong></span> <span class='ocrx_word' id='word_1_20' title='bbox 701 420 904 505; x_wconf 87' lang='lat' dir='ltr'><strong>promebat</strong></span> <span class='ocrx_word' id='word_1_21' title='bbox 921 418 1121 484; x_wconf 79' lang='lat' dir='ltr'><strong>Etruscis?</strong></span> 
     </span>
     <span class='ocr_line' id='line_1_6' title="bbox 158 505 1123 594; baseline 0.001 -23"><span class='ocrx_word' id='word_1_22' title='bbox 158 505 295 572; x_wconf 80' lang='lat' dir='ltr'><strong>Omnes</strong></span> <span class='ocrx_word' id='word_1_23' title='bbox 323 507 477 573; x_wconf 83' lang='lat' dir='ltr'><strong>civilem</strong></span> <span class='ocrx_word' id='word_1_24' title='bbox 506 526 696 594; x_wconf 82' lang='lat' dir='ltr'><strong>generosa</strong></span> <span class='ocrx_word' id='word_1_25' title='bbox 717 528 739 572; x_wconf 88' lang='lat' dir='ltr'><strong>o</strong></span> <span class='ocrx_word' id='word_1_26' title='bbox 761 508 885 592; x_wconf 87' lang='lat' dir='ltr'><strong>stirpe</strong></span> <span class='ocrx_word' id='word_1_27' title='bbox 906 507 1123 593; x_wconf 85' lang='lat' dir='ltr'><strong>profectam</strong></span> 
     </span>
     <span class='ocr_line' id='line_1_7' title="bbox 157 593 1123 681; baseline -0.002 -20"><span class='ocrx_word' id='word_1_28' title='bbox 157 593 1123 681; x_wconf 80' lang='lat' dir='ltr'><strong>Vitareingentemcladempestemquemonebant</strong></span> 
     </span>
     <span class='ocr_line' id='line_1_8' title="bbox 157 681 1106 770; baseline -0.001 -22"><span class='ocrx_word' id='word_1_29' title='bbox 157 681 230 749; x_wconf 86' lang='lat' dir='ltr'><strong>Vel</strong></span> <span class='ocrx_word' id='word_1_30' title='bbox 252 684 383 770; x_wconf 82' lang='lat' dir='ltr'><strong>legum</strong></span> <span class='ocrx_word' id='word_1_31' title='bbox 407 683 567 749; x_wconf 82' lang='lat' dir='ltr'><strong>exitium</strong></span> <span class='ocrx_word' id='word_1_32' title='bbox 590 683 789 750; x_wconf 70' lang='lat' dir='ltr'><strong>constanti</strong></span> <span class='ocrx_word' id='word_1_33' title='bbox 811 705 903 749; x_wconf 83' lang='lat' dir='ltr'><strong>voce</strong></span> <span class='ocrx_word' id='word_1_34' title='bbox 925 683 1106 749; x_wconf 88' lang='lat' dir='ltr'><strong>ferebant</strong></span> 
     </span>
     <span class='ocr_line' id='line_1_9' title="bbox 159 771 1123 857; baseline -0.001 -21"><span class='ocrx_word' id='word_1_35' title='bbox 159 771 317 857; x_wconf 82' lang='lat' dir='ltr'><strong>Templa</strong></span> <span class='ocrx_word' id='word_1_36' title='bbox 358 771 544 856; x_wconf 89' lang='lat' dir='ltr'><strong>deumque</strong></span> <span class='ocrx_word' id='word_1_37' title='bbox 581 771 672 837; x_wconf 91' lang='lat' dir='ltr'><strong>adeo</strong></span> <span class='ocrx_word' id='word_1_38' title='bbox 708 771 880 837; x_wconf 88' lang='lat' dir='ltr'><strong>flammis</strong></span> <span class='ocrx_word' id='word_1_39' title='bbox 916 772 1123 856; x_wconf 78' lang='lat' dir='ltr'><strong>urbemque</strong></span> 
     </span>
     <span class='ocr_line' id='line_1_10' title="bbox 847 860 1036 925; baseline 0.005 -1"><span class='ocrx_word' id='word_1_40' title='bbox 847 860 1036 925; x_wconf 90' lang='lat' dir='ltr'><strong>iubebant</strong></span> 
     </span>
     <span class='ocr_line' id='line_1_11' title="bbox 158 948 1125 1035; baseline 0 -22"><span class='ocrx_word' id='word_1_41' title='bbox 158 948 321 1034; x_wconf 82' lang='lat' dir='ltr'><strong>Eripere</strong></span> <span class='ocrx_word' id='word_1_42' title='bbox 357 952 396 1014; x_wconf 91' lang='lat' dir='ltr'><strong>et</strong></span> <span class='ocrx_word' id='word_1_43' title='bbox 429 952 601 1035; x_wconf 84' lang='lat' dir='ltr'><strong>stragem</strong></span> <span class='ocrx_word' id='word_1_44' title='bbox 633 949 864 1014; x_wconf 86' lang='lat' dir='ltr'><strong>horribilem</strong></span> <span class='ocrx_word' id='word_1_45' title='bbox 897 948 1125 1033; x_wconf 91' lang='lat' dir='ltr'><strong>caedemque</strong></span> 
     </span>
     <span class='ocr_line' id='line_1_12' title="bbox 896 1058 1037 1121; baseline -0.014 -19"><span class='ocrx_word' id='word_1_46' title='bbox 896 1058 1037 1121; x_wconf 79' lang='lat' dir='ltr'><strong>veren3</strong></span> 
     </span>
     <span class='ocr_line' id='line_1_13' title="bbox 159 1124 1125 1212; baseline 0 -23"><span class='ocrx_word' id='word_1_47' title='bbox 159 1124 287 1210; x_wconf 92' lang='lat' dir='ltr'><strong>Atque</strong></span> <span class='ocrx_word' id='word_1_48' title='bbox 305 1126 400 1191; x_wconf 90' lang='lat' dir='ltr'><strong>haec</strong></span> <span class='ocrx_word' id='word_1_49' title='bbox 416 1125 501 1192; x_wconf 88' lang='lat' dir='ltr'><strong>fixa</strong></span> <span class='ocrx_word' id='word_1_50' title='bbox 520 1125 630 1212; x_wconf 81' lang='lat' dir='ltr'><strong>gravi</strong></span> <span class='ocrx_word' id='word_1_51' title='bbox 647 1124 731 1191; x_wconf 82' lang='lat' dir='ltr'><strong>fato</strong></span> <span class='ocrx_word' id='word_1_52' title='bbox 750 1147 792 1192; x_wconf 90' lang='lat' dir='ltr'><strong>ac</strong></span> <span class='ocrx_word' id='word_1_53' title='bbox 809 1125 973 1191; x_wconf 87' lang='lat' dir='ltr'><strong>fundata</strong></span> <span class='ocrx_word' id='word_1_54' title='bbox 986 1124 1125 1209; x_wconf 89' lang='lat' dir='ltr'><strong>teneri,</strong></span> 
     </span>
     <span class='ocr_line' id='line_1_14' title="bbox 158 1211 1126 1299; baseline 0.001 -22"><span class='ocrx_word' id='word_1_55' title='bbox 158 1211 209 1278; x_wconf 90' lang='lat' dir='ltr'><strong>Ni</strong></span> <span class='ocrx_word' id='word_1_56' title='bbox 226 1213 335 1299; x_wconf 89' lang='lat' dir='ltr'><strong>prius</strong></span> <span class='ocrx_word' id='word_1_57' title='bbox 350 1214 542 1279; x_wconf 83' lang='lat' dir='ltr'><strong>excelsum</strong></span> <span class='ocrx_word' id='word_1_58' title='bbox 556 1213 602 1279; x_wconf 92' lang='lat' dir='ltr'><strong>ad</strong></span> <span class='ocrx_word' id='word_1_59' title='bbox 616 1215 794 1279; x_wconf 90' lang='lat' dir='ltr'><strong>columen</strong></span> <span class='ocrx_word' id='word_1_60' title='bbox 806 1213 976 1280; x_wconf 86' lang='lat' dir='ltr'><strong>formata</strong></span> <span class='ocrx_word' id='word_1_61' title='bbox 990 1212 1126 1278; x_wconf 86' lang='lat' dir='ltr'><strong>decore</strong></span> 
     </span>
     <span class='ocr_line' id='line_1_15' title="bbox 160 1298 1126 1387; baseline 0 -22"><span class='ocrx_word' id='word_1_62' title='bbox 160 1298 302 1367; x_wconf 83' lang='lat' dir='ltr'><strong>Sancta</strong></span> <span class='ocrx_word' id='word_1_63' title='bbox 315 1300 421 1368; x_wconf 88' lang='lat' dir='ltr'><strong>Iovis</strong></span> <span class='ocrx_word' id='word_1_64' title='bbox 436 1302 586 1387; x_wconf 89' lang='lat' dir='ltr'><strong>species</strong></span> <span class='ocrx_word' id='word_1_65' title='bbox 602 1301 730 1367; x_wconf 88' lang='lat' dir='ltr'><strong>claros</strong></span> <span class='ocrx_word' id='word_1_66' title='bbox 744 1305 941 1387; x_wconf 70' lang='lat' dir='ltr'><strong>spectaret</strong></span> <span class='ocrx_word' id='word_1_67' title='bbox 954 1302 994 1365; x_wconf 91' lang='lat' dir='ltr'><strong>in</strong></span> <span class='ocrx_word' id='word_1_68' title='bbox 1008 1305 1126 1368; x_wconf 88' lang='lat' dir='ltr'><strong>ortus.</strong></span> 
     </span>
     <span class='ocr_line' id='line_1_16' title="bbox 159 1388 1126 1475; baseline -0.002 -21"><span class='ocrx_word' id='word_1_69' title='bbox 159 1388 252 1454; x_wconf 81' lang='lat' dir='ltr'><strong>Tum</strong></span> <span class='ocrx_word' id='word_1_70' title='bbox 288 1390 371 1456; x_wconf 89' lang='lat' dir='ltr'><strong>fore</strong></span> <span class='ocrx_word' id='word_1_71' title='bbox 407 1394 449 1455; x_wconf 92' lang='lat' dir='ltr'><strong>ut</strong></span> <span class='ocrx_word' id='word_1_72' title='bbox 485 1391 660 1456; x_wconf 88' lang='lat' dir='ltr'><strong>occultos</strong></span> <span class='ocrx_word' id='word_1_73' title='bbox 692 1390 858 1475; x_wconf 92' lang='lat' dir='ltr'><strong>populus</strong></span> <span class='ocrx_word' id='word_1_74' title='bbox 892 1393 1126 1474; x_wconf 86' lang='lat' dir='ltr'><strong>sanctusque</strong></span> 
     </span>
     <span class='ocr_line' id='line_1_17' title="bbox 875 1482 1038 1544; baseline -0.006 -1"><span class='ocrx_word' id='word_1_75' title='bbox 875 1482 1038 1544; x_wconf 90' lang='lat' dir='ltr'><strong>senatus</strong></span> 
     </span>
     <span class='ocr_line' id='line_1_18' title="bbox 161 1564 1078 1653; baseline -0.003 -21"><span class='ocrx_word' id='word_1_76' title='bbox 161 1564 328 1632; x_wconf 79' lang='lat' dir='ltr'><strong>Cernere</strong></span> <span class='ocrx_word' id='word_1_77' title='bbox 348 1571 510 1634; x_wconf 89' lang='lat' dir='ltr'><strong>conatus</strong></span> <span class='ocrx_word' id='word_1_78' title='bbox 533 1571 683 1653; x_wconf 80' lang='lat' dir='ltr'><strong>posset,</strong></span> <span class='ocrx_word' id='word_1_79' title='bbox 706 1567 740 1631; x_wconf 92' lang='lat' dir='ltr'><strong>si</strong></span> <span class='ocrx_word' id='word_1_80' title='bbox 762 1567 859 1633; x_wconf 91' lang='lat' dir='ltr'><strong>solis</strong></span> <span class='ocrx_word' id='word_1_81' title='bbox 884 1566 930 1633; x_wconf 88' lang='lat' dir='ltr'><strong>ad</strong></span> <span class='ocrx_word' id='word_1_82' title='bbox 953 1570 1078 1632; x_wconf 88' lang='lat' dir='ltr'><strong>ortum</strong></span> 
     </span>
     <span class='ocr_line' id='line_1_19' title="bbox 161 1652 1127 1741; baseline -0.001 -21"><span class='ocrx_word' id='word_1_83' title='bbox 161 1652 358 1721; x_wconf 77' lang='lat' dir='ltr'><strong>Conversa</strong></span> <span class='ocrx_word' id='word_1_84' title='bbox 386 1656 474 1721; x_wconf 90' lang='lat' dir='ltr'><strong>inde</strong></span> <span class='ocrx_word' id='word_1_85' title='bbox 506 1658 660 1741; x_wconf 91' lang='lat' dir='ltr'><strong>patrum</strong></span> <span class='ocrx_word' id='word_1_86' title='bbox 690 1655 798 1720; x_wconf 86' lang='lat' dir='ltr'><strong>sedes</strong></span> <span class='ocrx_word' id='word_1_87' title='bbox 829 1655 1042 1741; x_wconf 88' lang='lat' dir='ltr'><strong>populique</strong></span> <span class='ocrx_word' id='word_1_88' title='bbox 1074 1654 1127 1719; x_wconf 85' lang='lat' dir='ltr'><strong>vi-</strong></span> 
     </span>
     <span class='ocr_line' id='line_1_20' title="bbox 922 1743 1038 1808; baseline -0.009 0"><span class='ocrx_word' id='word_1_89' title='bbox 922 1743 1038 1808; x_wconf 87' lang='lat' dir='ltr'><strong>deret.</strong></span> 
     </span>
     <span class='ocr_line' id='line_1_21' title="bbox 161 1830 1179 1919; baseline -0.002 -23"><span class='ocrx_word' id='word_1_90' title='bbox 161 1830 264 1897; x_wconf 90' lang='lat' dir='ltr'><strong>Haec</strong></span> <span class='ocrx_word' id='word_1_91' title='bbox 286 1833 443 1898; x_wconf 89' lang='lat' dir='ltr'><strong>tardata</strong></span> <span class='ocrx_word' id='word_1_92' title='bbox 466 1832 529 1898; x_wconf 90' lang='lat' dir='ltr'><strong>diu</strong></span> <span class='ocrx_word' id='word_1_93' title='bbox 548 1833 699 1919; x_wconf 88' lang='lat' dir='ltr'><strong>species</strong></span> <span class='ocrx_word' id='word_1_94' title='bbox 718 1833 958 1916; x_wconf 89' lang='lat' dir='ltr'><strong>multumque</strong></span> <span class='ocrx_word' id='word_1_95' title='bbox 976 1835 1127 1897; x_wconf 86' lang='lat' dir='ltr'><strong>morata</strong></span> <span class='ocrx_word' id='word_1_96' title='bbox 1146 1845 1179 1895; x_wconf 86' lang='grc'><strong>21</strong></span> 
     </span>
     <span class='ocr_line' id='line_1_22' title="bbox 162 1918 1126 2005; baseline -0.002 -19"><span class='ocrx_word' id='word_1_97' title='bbox 162 1918 329 1986; x_wconf 77' lang='lat' dir='ltr'><strong>Consule</strong></span> <span class='ocrx_word' id='word_1_98' title='bbox 356 1923 395 1985; x_wconf 92' lang='lat' dir='ltr'><strong>te</strong></span> <span class='ocrx_word' id='word_1_99' title='bbox 421 1921 576 1986; x_wconf 86' lang='lat' dir='ltr'><strong>tandem</strong></span> <span class='ocrx_word' id='word_1_100' title='bbox 602 1922 707 1987; x_wconf 89' lang='lat' dir='ltr'><strong>celsa</strong></span> <span class='ocrx_word' id='word_1_101' title='bbox 730 1924 789 1986; x_wconf 88' lang='lat' dir='ltr'><strong>est</strong></span> <span class='ocrx_word' id='word_1_102' title='bbox 810 1921 851 1985; x_wconf 90' lang='lat' dir='ltr'><strong>in</strong></span> <span class='ocrx_word' id='word_1_103' title='bbox 873 1921 960 1986; x_wconf 90' lang='lat' dir='ltr'><strong>sede</strong></span> <span class='ocrx_word' id='word_1_104' title='bbox 983 1921 1126 2005; x_wconf 81' lang='lat' dir='ltr'><strong>locata,</strong></span> 
     </span>
     <span class='ocr_line' id='line_1_23' title="bbox 162 2008 1048 2096; baseline 0 -23"><span class='ocrx_word' id='word_1_105' title='bbox 162 2009 290 2093; x_wconf 85' lang='lat' dir='ltr'><strong>Atque</strong></span> <span class='ocrx_word' id='word_1_106' title='bbox 313 2031 388 2074; x_wconf 91' lang='lat' dir='ltr'><strong>una</strong></span> <span class='ocrx_word' id='word_1_107' title='bbox 409 2009 482 2074; x_wconf 85' lang='lat' dir='ltr'><strong>fixi</strong></span> <span class='ocrx_word' id='word_1_108' title='bbox 505 2032 546 2076; x_wconf 89' lang='lat' dir='ltr'><strong>ac</strong></span> <span class='ocrx_word' id='word_1_109' title='bbox 570 2010 718 2096; x_wconf 82' lang='lat' dir='ltr'><strong>signati</strong></span> <span class='ocrx_word' id='word_1_110' title='bbox 741 2009 929 2095; x_wconf 88' lang='lat' dir='ltr'><strong>temporis</strong></span> <span class='ocrx_word' id='word_1_111' title='bbox 952 2008 1048 2074; x_wconf 87' lang='lat' dir='ltr'><strong>hora</strong></span> 
     </span>
     <span class='ocr_line' id='line_1_24' title="bbox 161 2095 1109 2183; baseline 0 -22"><span class='ocrx_word' id='word_1_112' title='bbox 161 2095 341 2182; x_wconf 90' lang='lat' dir='ltr'><strong>Iuppiter</strong></span> <span class='ocrx_word' id='word_1_113' title='bbox 364 2099 518 2164; x_wconf 87' lang='lat' dir='ltr'><strong>excelsa</strong></span> <span class='ocrx_word' id='word_1_114' title='bbox 541 2099 718 2164; x_wconf 88' lang='lat' dir='ltr'><strong>clarabat</strong></span> <span class='ocrx_word' id='word_1_115' title='bbox 741 2100 896 2183; x_wconf 87' lang='lat' dir='ltr'><strong>sceptra</strong></span> <span class='ocrx_word' id='word_1_116' title='bbox 918 2098 1109 2181; x_wconf 85' lang='lat' dir='ltr'><strong>columna,</strong></span> 
     </span>
     <span class='ocr_line' id='line_1_25' title="bbox 161 2184 1084 2271; baseline 0.001 -21"><span class='ocrx_word' id='word_1_117' title='bbox 161 2184 212 2250; x_wconf 80' lang='lat' dir='ltr'><strong>Et</strong></span> <span class='ocrx_word' id='word_1_118' title='bbox 234 2184 364 2251; x_wconf 80' lang='lat' dir='ltr'><strong>clades</strong></span> <span class='ocrx_word' id='word_1_119' title='bbox 387 2187 539 2270; x_wconf 87' lang='lat' dir='ltr'><strong>patriae</strong></span> <span class='ocrx_word' id='word_1_120' title='bbox 561 2185 719 2252; x_wconf 79' lang='lat' dir='ltr'><strong>flamma</strong></span> <span class='ocrx_word' id='word_1_121' title='bbox 740 2186 922 2270; x_wconf 88' lang='lat' dir='ltr'><strong>ferroque</strong></span> <span class='ocrx_word' id='word_1_122' title='bbox 944 2189 1084 2271; x_wconf 85' lang='lat' dir='ltr'><strong>parata</strong></span> 
     </span>
    </p>
   </div>
   <div class='ocr_carea' id='block_1_4' title="bbox 42 2271 1127 2361">
    <p class='ocr_par' dir='ltr' id='par_1_4' title="bbox 42 2271 1127 2361">
     <span class='ocr_line' id='line_1_26' title="bbox 42 2271 1127 2361; baseline -0.001 -22"><span class='ocrx_word' id='word_1_123' title='bbox 42 2282 48 2296; x_wconf 89' lang='grc'><em>“</em></span> <span class='ocrx_word' id='word_1_124' title='bbox 162 2271 334 2339; x_wconf 90' lang='lat' dir='ltr'><strong>Vocibus</strong></span> <span class='ocrx_word' id='word_1_125' title='bbox 375 2273 635 2361; x_wconf 80' lang='lat' dir='ltr'><strong>Allobrogum</strong></span> <span class='ocrx_word' id='word_1_126' title='bbox 679 2275 861 2361; x_wconf 89' lang='lat' dir='ltr'><strong>patribus</strong></span> <span class='ocrx_word' id='word_1_127' title='bbox 906 2274 1127 2359; x_wconf 88' lang='lat' dir='ltr'><strong>populoque</strong></span> 
     </span>
    </p>
   </div>
   <div class='ocr_carea' id='block_1_5' title="bbox 162 2362 1180 3511">
    <p class='ocr_par' dir='ltr' id='par_1_5' title="bbox 162 2362 1180 3511">
     <span class='ocr_line' id='line_1_27' title="bbox 869 2362 1039 2449; baseline -0.012 -21"><span class='ocrx_word' id='word_1_128' title='bbox 869 2362 1039 2449; x_wconf 84' lang='lat' dir='ltr'><strong>patebat.</strong></span> 
     </span>
     <span class='ocr_line' id='line_1_28' title="bbox 163 2449 1179 2536; baseline 0 -20"><span class='ocrx_word' id='word_1_129' title='bbox 163 2450 253 2516; x_wconf 86' lang='lat' dir='ltr'><strong>Rite</strong></span> <span class='ocrx_word' id='word_1_130' title='bbox 280 2450 404 2536; x_wconf 80' lang='lat' dir='ltr'><strong>igitur</strong></span> <span class='ocrx_word' id='word_1_131' title='bbox 426 2455 593 2536; x_wconf 82' lang='lat' dir='ltr'><strong>veteres,</strong></span> <span class='ocrx_word' id='word_1_132' title='bbox 621 2472 782 2536; x_wconf 89' lang='lat' dir='ltr'><strong>quorum</strong></span> <span class='ocrx_word' id='word_1_133' title='bbox 804 2452 1051 2517; x_wconf 88' lang='lat' dir='ltr'><strong>monumenta</strong></span> <span class='ocrx_word' id='word_1_134' title='bbox 1072 2449 1179 2516; x_wconf 86' lang='lat' dir='ltr'><strong>te-13</strong></span> 
     </span>
     <span class='ocr_line' id='line_1_29' title="bbox 922 2537 1039 2621; baseline -0.009 -19"><span class='ocrx_word' id='word_1_135' title='bbox 922 2537 1039 2621; x_wconf 86' lang='lat' dir='ltr'><strong>netis,</strong></span> 
     </span>
     <span class='ocr_line' id='line_1_30' title="bbox 163 2625 1130 2778; baseline -0.004 -86"><span class='ocrx_word' id='word_1_136' title='bbox 163 2625 236 2704; x_wconf 77' lang='lat' dir='ltr'><strong>oui</strong></span> <span class='ocrx_word' id='word_1_137' title='bbox 256 2628 423 2714; x_wconf 88' lang='lat' dir='ltr'><strong>populos</strong></span> <span class='ocrx_word' id='word_1_138' title='bbox 445 2628 632 2712; x_wconf 87' lang='lat' dir='ltr'><strong>urbisque</strong></span> <span class='ocrx_word' id='word_1_139' title='bbox 655 2629 764 2694; x_wconf 93' lang='lat' dir='ltr'><strong>modo</strong></span> <span class='ocrx_word' id='word_1_140' title='bbox 788 2649 830 2693; x_wconf 89' lang='lat' dir='ltr'><strong>ac</strong></span> <span class='ocrx_word' id='word_1_141' title='bbox 852 2626 1000 2778; x_wconf 65' lang='lat' dir='ltr'><strong>virtpte</strong></span> <span class='ocrx_word' id='word_1_142' title='bbox 1023 2645 1130 2711; x_wconf 81' lang='lat' dir='ltr'><strong>rege·</strong></span> 
     </span>
     <span class='ocr_line' id='line_1_31' title="bbox 961 2715 1041 2796; baseline -0.038 -18"><span class='ocrx_word' id='word_1_143' title='bbox 961 2715 1041 2796; x_wconf 81' lang='lat' dir='ltr'><strong>ant,</strong></span> 
     </span>
     <span class='ocr_line' id='line_1_32' title="bbox 163 2801 1129 2889; baseline -0.003 -20"><span class='ocrx_word' id='word_1_144' title='bbox 163 2804 253 2870; x_wconf 86' lang='lat' dir='ltr'><strong>Rite</strong></span> <span class='ocrx_word' id='word_1_145' title='bbox 272 2804 389 2870; x_wconf 90' lang='lat' dir='ltr'><strong>etiam</strong></span> <span class='ocrx_word' id='word_1_146' title='bbox 402 2805 540 2889; x_wconf 85' lang='lat' dir='ltr'><strong>vestri,</strong></span> <span class='ocrx_word' id='word_1_147' title='bbox 559 2823 719 2889; x_wconf 91' lang='lat' dir='ltr'><strong>quorum</strong></span> <span class='ocrx_word' id='word_1_148' title='bbox 732 2804 938 2889; x_wconf 87' lang='lat' dir='ltr'><strong>pietasque</strong></span> <span class='ocrx_word' id='word_1_149' title='bbox 951 2801 1129 2885; x_wconf 89' lang='lat' dir='ltr'><strong>fidesque</strong></span> 
     </span>
     <span class='ocr_line' id='line_1_33' title="bbox 163 2891 1106 2979; baseline -0.005 -21"><span class='ocrx_word' id='word_1_150' title='bbox 163 2893 375 2959; x_wconf 76' lang='lat' dir='ltr'><strong>Praestitit</strong></span> <span class='ocrx_word' id='word_1_151' title='bbox 398 2897 435 2958; x_wconf 88' lang='lat' dir='ltr'><strong>et</strong></span> <span class='ocrx_word' id='word_1_152' title='bbox 457 2894 574 2979; x_wconf 83' lang='lat' dir='ltr'><strong>longe</strong></span> <span class='ocrx_word' id='word_1_153' title='bbox 597 2892 693 2958; x_wconf 82' lang='lat' dir='ltr'><strong>uicit</strong></span> <span class='ocrx_word' id='word_1_154' title='bbox 716 2891 912 2976; x_wconf 88' lang='lat' dir='ltr'><strong>sapientia</strong></span> <span class='ocrx_word' id='word_1_155' title='bbox 934 2892 1106 2974; x_wconf 86' lang='lat' dir='ltr'><strong>cunctos,</strong></span> 
     </span>
     <span class='ocr_line' id='line_1_34' title="bbox 162 2978 1044 3068; baseline -0.006 -21"><span class='ocrx_word' id='word_1_156' title='bbox 162 2981 375 3066; x_wconf 89' lang='lat' dir='ltr'><strong>Praecipue</strong></span> <span class='ocrx_word' id='word_1_157' title='bbox 399 2982 553 3048; x_wconf 89' lang='lat' dir='ltr'><strong>coluere</strong></span> <span class='ocrx_word' id='word_1_158' title='bbox 575 2981 728 3068; x_wconf 81' lang='lat' dir='ltr'><strong>vigenti</strong></span> <span class='ocrx_word' id='word_1_159' title='bbox 749 2980 903 3045; x_wconf 90' lang='lat' dir='ltr'><strong>numine</strong></span> <span class='ocrx_word' id='word_1_160' title='bbox 926 2978 1044 3043; x_wconf 86' lang='lat' dir='ltr'><strong>divos.</strong></span> 
     </span>
     <span class='ocr_line' id='line_1_35' title="bbox 163 3066 997 3156; baseline -0.006 -20"><span class='ocrx_word' id='word_1_161' title='bbox 163 3070 268 3136; x_wconf 90' lang='lat' dir='ltr'><strong>Haec</strong></span> <span class='ocrx_word' id='word_1_162' title='bbox 291 3069 383 3136; x_wconf 91' lang='lat' dir='ltr'><strong>adeo</strong></span> <span class='ocrx_word' id='word_1_163' title='bbox 406 3071 562 3156; x_wconf 90' lang='lat' dir='ltr'><strong>penitus</strong></span> <span class='ocrx_word' id='word_1_164' title='bbox 585 3091 676 3136; x_wconf 91' lang='lat' dir='ltr'><strong>cura</strong></span> <span class='ocrx_word' id='word_1_165' title='bbox 697 3069 828 3134; x_wconf 84' lang='lat' dir='ltr'><strong>videre</strong></span> <span class='ocrx_word' id='word_1_166' title='bbox 851 3066 997 3154; x_wconf 82' lang='lat' dir='ltr'><strong>sagaci,</strong></span> 
     </span>
     <span class='ocr_line' id='line_1_36' title="bbox 164 3155 996 3243; baseline -0.007 -18"><span class='ocrx_word' id='word_1_167' title='bbox 164 3159 255 3226; x_wconf 91' lang='lat' dir='ltr'><strong>Otia</strong></span> <span class='ocrx_word' id='word_1_168' title='bbox 278 3159 343 3243; x_wconf 91' lang='lat' dir='ltr'><strong>qui</strong></span> <span class='ocrx_word' id='word_1_169' title='bbox 366 3159 508 3224; x_wconf 88' lang='lat' dir='ltr'><strong>studiis</strong></span> <span class='ocrx_word' id='word_1_170' title='bbox 531 3158 629 3224; x_wconf 89' lang='lat' dir='ltr'><strong>laeti</strong></span> <span class='ocrx_word' id='word_1_171' title='bbox 651 3162 810 3223; x_wconf 87' lang='lat' dir='ltr'><strong>tenuere</strong></span> <span class='ocrx_word' id='word_1_172' title='bbox 834 3155 996 3240; x_wconf 87' lang='lat' dir='ltr'><strong>decoris,</strong></span> 
     </span>
     <span class='ocr_line' id='line_1_37' title="bbox 163 3241 1180 3334; baseline -0.011 -20"><span class='ocrx_word' id='word_1_173' title='bbox 163 3249 285 3334; x_wconf 89' lang='lat' dir='ltr'><strong>Inque</strong></span> <span class='ocrx_word' id='word_1_174' title='bbox 307 3247 515 3313; x_wconf 84' lang='lat' dir='ltr'><strong>Academia</strong></span> <span class='ocrx_word' id='word_1_175' title='bbox 542 3247 756 3312; x_wconf 85' lang='lat' dir='ltr'><strong>umbrifera</strong></span> <span class='ocrx_word' id='word_1_176' title='bbox 777 3245 981 3329; x_wconf 89' lang='lat' dir='ltr'><strong>nitidoque</strong></span> <span class='ocrx_word' id='word_1_177' title='bbox 1002 3241 1127 3328; x_wconf 84' lang='lat' dir='ltr'><strong>Lyceo</strong></span> <span class='ocrx_word' id='word_1_178' title='bbox 1147 3255 1180 3304; x_wconf 89' lang='grc'><strong>22</strong></span> 
     </span>
     <span class='ocr_line' id='line_1_38' title="bbox 163 3331 1015 3420; baseline -0.008 -17"><span class='ocrx_word' id='word_1_179' title='bbox 163 3337 362 3403; x_wconf 81' lang='lat' dir='ltr'><strong>Fuderunt</strong></span> <span class='ocrx_word' id='word_1_180' title='bbox 384 3337 512 3402; x_wconf 84' lang='lat' dir='ltr'><strong>claras</strong></span> <span class='ocrx_word' id='word_1_181' title='bbox 535 3334 690 3401; x_wconf 87' lang='lat' dir='ltr'><strong>fecundi</strong></span> <span class='ocrx_word' id='word_1_182' title='bbox 712 3333 884 3420; x_wconf 90' lang='lat' dir='ltr'><strong>pectoris</strong></span> <span class='ocrx_word' id='word_1_183' title='bbox 908 3331 1015 3398; x_wconf 89' lang='lat' dir='ltr'><strong>artis.</strong></span> 
     </span>
     <span class='ocr_line' id='line_1_39' title="bbox 164 3421 1129 3511; baseline -0.009 -18"><span class='ocrx_word' id='word_1_184' title='bbox 164 3427 193 3493; x_wconf 80' lang='lat' dir='ltr'>E</span> <span class='ocrx_word' id='word_1_185' title='bbox 213 3427 352 3511; x_wconf 89' lang='lat' dir='ltr'><strong>quibus</strong></span> <span class='ocrx_word' id='word_1_186' title='bbox 371 3428 545 3510; x_wconf 91' lang='lat' dir='ltr'><strong>ereptum</strong></span> <span class='ocrx_word' id='word_1_187' title='bbox 564 3424 687 3510; x_wconf 92' lang='lat' dir='ltr'><strong>primo</strong></span> <span class='ocrx_word' id='word_1_188' title='bbox 706 3423 782 3487; x_wconf 86' lang='lat' dir='ltr'><strong>iam</strong></span> <span class='ocrx_word' id='word_1_189' title='bbox 801 3421 934 3487; x_wconf 89' lang='lat' dir='ltr'><strong>aflorc</strong></span> <span class='ocrx_word' id='word_1_190' title='bbox 947 3421 1129 3486; x_wconf 88' lang='lat' dir='ltr'><strong>iuventae</strong></span> 
     </span>
    </p>
   </div>
   <div class='ocr_carea' id='block_1_6' title="bbox 0 0 1320 3894">
    <p class='ocr_par' dir='ltr' id='par_1_6' title="bbox 0 0 1320 3894">
     <span class='ocr_line' id='line_1_40' title="bbox 0 0 1320 3894; baseline 0 0"><span class='ocrx_word' id='word_1_191' title='bbox 0 0 1320 3894; x_wconf 95' lang='lat' dir='ltr'><strong> </strong></span> 
     </span>
    </p>
   </div>
  </div>
 </body>
</html>
