2610 3894
193 126 261 182 LIB.
281 125 329 181 ΙΙΙ.
354 124 432 180 ΟΑΡ.
452 128 566 185 38-40.
590 129 738 192 §92-95.
771 121 1008 176 FRAGMENTA.
1045 121 1107 196 141

91 270 159 336 Sed
183 269 336 356 quonium
355 267 604 355 advesperascit,
627 267 720 336 dubis
738 267 834 334 nobis
853 267 938 346 diem
958 264 1111 350 aliquem,

91 364 131 424 ut
165 359 371 425 contraisse
399 358 553 425 dieamus.
601 356 665 424 nst
691 356 778 422 enirn
806 355 887 422 mihi
913 359 1022 420 lecum
1048 375 1109 439 pro

93 448 162 514 eris
191 451 225 512 el
251 446 334 513 focis
361 451 528 512 certamen
555 449 588 510 et
614 466 674 530 pro
699 446 833 511 deorum
854 443 987 530 templis
1011 447 1110 527 eique

93 535 241 602 delubris
275 557 400 621 proque
431 535 523 600 urbis
555 533 671 618 muris,
708 554 789 619 quos
820 554 894 617 vos,
930 532 1110 618 pontifices,

67 628 228 690 ssanolos
265 644 336 690 esse
373 623 480 689 dicitis
517 622 770 708 diligentiusque
805 621 921 686 urbem
952 620 1110 707 religione

9 713 10 758 ἓ
94 735 196 798 quem
219 712 300 797 ipsis
323 713 493 778 moenibus
517 711 664 797 cingitis3
686 731 769 794 quae
788 709 893 776 deseri
912 732 932 774 a
950 731 1011 794 me,
1033 709 1111 773 dum

95 802 228 886 quidem
247 801 372 886 spirare
389 804 515 886 potero,
536 799 629 870 nefus
647 799 763 864 iudico.
800 797 884 864 Turn
902 796 1014 864 Colle:
1036 797 1110 884 Ego
1130 813 1164 864 95

93 912 174 956 vero
199 892 232 954 el
255 893 333 974 opto
356 889 510 975 redargui
533 910 598 972 me,
625 886 744 971 Balbe,
767 890 800 952 el
823 909 874 970 ea,
898 908 981 972 quae
1004 887 1111 972 dispu-

94 978 176 1063 tavi,
201 976 360 1043 disserere
383 977 486 1044 malui
509 999 607 1061 quern
629 975 772 1041 iudicare
796 978 829 1039 el
850 975 947 1040 facile
970 997 1022 1041 me
1041 997 1061 1041 a
1078 978 1111 1039 le

58 1086 82 1126 ro
95 1066 185 1132 vinei
207 1087 304 1152 posse
327 1070 416 1132 cerlo
444 1065 520 1132 seio.
566 1063 707 1150 Quippe,
733 1063 841 1148 inquil
863 1062 1024 1149 Velleius,
1057 1063 1113 1148 qui

96 1155 198 1220 etiam
222 1155 349 1220 somnia
371 1158 466 1240 pulei
489 1153 529 1220 ed
552 1174 612 1219 nos
636 1153 725 1218 mitri
749 1153 790 1217 ab
814 1150 905 1236 Iove,
934 1174 1017 1236 quae
1039 1152 1113 1238 ipsa

95 1248 210 1308 lamen
236 1248 308 1308 tarn
336 1243 423 1308 levia
449 1265 516 1308 non
544 1245 633 1326 sunl,
662 1262 761 1325 quem
789 1244 839 1305 esi
862 1238 1047 1306 Stoicorum
1073 1240 1113 1307 de

95 1336 217 1397 naiura
249 1332 383 1397 deorum
416 1331 531 1396 oratio.
578 1328 669 1395 Heee
696 1351 769 1394 eum
797 1332 906 1394 esseni
929 1330 1034 1414 diota,
1064 1329 1114 1394 ite

97 1420 314 1505 discessimus,
338 1423 375 1484 ul
397 1418 524 1485 Velleio
548 1417 665 1484 Cottae
689 1416 868 1503 disputatio
891 1419 1007 1502 verior,
1031 1417 1113 1482 mihi

60 1526 84 1566 15
97 1507 196 1574 Balbi
227 1509 269 1574 ed
297 1509 447 1586 ueritatis
476 1506 723 1588 similitudinem
750 1506 914 1572 videretur
942 1528 1013 1572 esse
1039 1527 1114 1594 pro·

98 1618 240 1684 ponsror.

501 1758 713 1767 ..-.-----

443 1952 776 2050 FRAGMENTA.

185 2149 241 2208 EX
262 2147 384 2209 LIBRO
408 2149 462 2208 DE
485 2150 655 2210 NATURA
676 2149 847 2211 DEORUM
870 2149 1028 2213 TERTIO.

171 2303 200 2368 1.
235 2301 377 2368 Laedunt.
408 2304 480 2368 inst.
512 2304 571 2369 div.
598 2304 646 2369 II
667 2309 696 2370 3.
723 2309 747 2370 2
782 2305 981 2390 Intellegebat
1010 2305 1115 2374 (erere

100 2393 187 2474 falsu
216 2411 290 2476 esse,
321 2413 399 2474 quae
425 2391 562 2457 homiues
589 2394 762 2458 adorarent.
809 2395 896 2460 Num
923 2415 993 2460 erem
1015 2396 1116 2461 multe

102 2482 239 2564 dinusel,
261 2500 339 2562 quae
361 2481 405 2544 ad
424 2482 608 2546 eversionem
630 2481 814 2563 religionum
835 2483 979 2566 valerent,
1001 2484 1115 2548 aitte

102 2589 173 2634 men
194 2589 261 2633 non
284 2589 354 2634 esse
377 2568 436 2633 illo
458 2568 559 2654 vulgo
583 2567 788 2654 disputanda,
809 2591 851 2635 ne
872 2573 1040 2655 susceptus
1058 2593 1116 2656 pu-

103 2656 188 2722 blice
210 2657 385 2742 religiones
410 2656 588 2742 disputatio
610 2657 690 2722 telis
714 2658 911 2744 exstinguas.

171 2745 201 2809 2,
232 2745 374 2810 Luceant.
392 2746 463 2811 inst.
481 2747 542 2811 div.
560 2745 607 2810 Π
621 2751 711 2812 &10
734 2746 837 2812 Cicero
859 2749 896 2812 de
917 2751 1034 2812 namra
1051 2749 1117 2814 deo

104 2854 176 2899 rum
203 2834 431 2916 disparuisse
453 2835 516 2899 ait:
542 2832 690 2898 Primum
712 2833 815 2920 igitur
837 2856 904 2900 uon
927 2838 978 2900 esi
1000 2835 1116 2920 probo-

104 2921 171 2987 bile
194 2943 267 2986 eum
284 2921 457 2988 materiem
474 2944 592 3006 rerum,
615 2922 700 2993 unde
718 2926 792 2988 oria
810 2927 887 2988 sunl
905 2923 1023 3008 omnia,
1046 2945 1116 2990 esse

106 3009 214 3075 divine
245 3010 450 3095 providentie
477 3011 638 3096 effectum,
671 3010 728 3076 sed
754 3010 876 3077 hebere
904 3016 937 3077 el
962 3012 1117 3078 habuisse

105 3098 172 3164 rim
204 3101 237 3164 et
263 3102 416 3164 usturam
444 3120 545 3165 suem.
595 3098 643 3165 Ul
669 3099 772 3185 igilur
798 3099 906 3186 faber,
939 3123 1012 3167 oum
1040 3102 1117 3186 quid

107 3186 334 3252 aedificaturus
358 3190 417 3271 est,
439 3209 507 3253 non
527 3187 598 3273 ipse
621 3187 701 3252 facil
719 3188 900 3274 materiem,
924 3189 981 3254 sed
1000 3212 1038 3255 en
1055 3191 1117 3256 uti-

106 3278 168 3359 tur,
192 3297 274 3359 quae
297 3275 342 3339 sil
364 3278 489 3360 parete,
510 3275 669 3362 fictorque
690 3275 771 3341 ilem
794 3299 876 3364 esre,
899 3277 946 3344 sie
967 3278 1025 3343 isti
1045 3301 1118 3365 pro·

106 3362 267 3428 videnliae
290 3362 417 3428 divinae
436 3364 612 3429 materiam
633 3368 765 3451 praesto
785 3387 855 3431 esse
874 3367 1031 3452 oportuit,
1051 3389 1118 3433 non

108 3473 205 3536 quarn
221 3452 292 3536 ipse
309 3451 441 3536 faceret,
460 3452 517 3518 sed
537 3474 635 3538 quem
652 3453 789 3519 haberet
802 3459 962 3540 peretum.
995 3453 1118 3530 Quodsi
