2590 3880
429 171 697 227 ARGUMENTUM.
1050 173 1072 238 3

65 315 112 371 bns
128 313 316 372 similitudine
330 315 360 370 ct
376 313 544 369 transitione
558 312 708 384 perceptis.
740 312 943 368 Vitamautem
956 313 1073 368 deorum
1131 363 1133 370 ,

65 402 121 441 esse
146 386 340 442 beatissimam
367 387 397 441 et
423 383 552 440 omnibus
577 383 658 438 bonis
687 383 869 452 adfluentem
896 382 970 438 nihil
998 384 1073 439 enim

63 453 703 598 manutenentes
717 454 1072 596 unusne

63 598 158 669 positis
182 600 282 653 contra
303 598 349 653 dis
368 598 431 651 utet
453 595 549 663 Cotta,
576 613 634 650 non
657 597 691 650 ut
712 595 820 664 aliquid
842 596 905 667 ipre
929 596 1072 664 decernat,

63 669 110 724 sed
129 671 163 724 ut
180 669 322 740 Epicurea
365 666 494 733 'solvat
518 682 609 736 neque
628 667 703 735 quod
720 669 809 738 neget
831 683 893 722 esse
916 667 998 735 deos,
1021 667 1069 722 sed

63 741 300 808 modulationem,
319 755 390 808 quae
407 737 560 804 adferatur,
578 736 687 790 firmam
704 753 761 792 non
778 739 868 808 putet
899 737 974 792 Nem
991 755 1072 809 argu·

62 811 195 878 mentum,
223 810 299 880 quod
323 810 359 864 ab
384 809 509 863 omnium
530 808 675 862 hominum
698 824 835 864 consensu
857 809 983 880 petatur,
1009 827 1073 864 cum

63 880 122 936 leve
164 898 257 948 erse,
280 882 342 936 tum
360 879 446 934 etiam
468 878 571 933 fulsum
590 894 651 932 esse
674 880 745 949 (cap.
765 886 880 936 at-aa
903 882 1072 949 §bu-64).

65 951 114 1006 Sed
151 968 201 1008 eos
218 969 283 1008 csse
301 950 419 1006 concedi
435 965 532 1020 posse;
556 948 629 1016 illud
647 949 744 1004 doceri
761 966 791 1004 se
809 951 894 1016 velle,
912 950 987 1006 unde
1006 950 1072 1018 sint,

64 1022 108 1076 ubi
125 1022 196 1091 sint,
220 1023 318 1092 quales
337 1021 407 1088 sint3
429 1020 467 1074 ad
485 1035 557 1088 quae
575 1019 670 1074 omnia
687 1019 789 1074 atomis
812 1020 892 1076 abuti
910 1020 1073 1092 Epicureos,

64 1109 128 1161 quas
143 1095 235 1164 negat
250 1093 373 1165 primum
391 1091 465 1145 ullas
484 1106 557 1156 esse,
581 1091 657 1159 quod
674 1090 768 1146 nullus
787 1089 826 1145 sit
844 1093 1007 1162 corporibus
1025 1109 1074 1148 va

64 1180 127 1218 cuns
148 1164 243 1232 locus,
268 1161 382 1228 deiude,
406 1161 432 1215 si
449 1160 518 1227 sint,
542 1159 628 1228 effici,
652 1162 685 1215 ut
706 1161 815 1216 aeterni
833 1160 863 1215 di
884 1178 940 1216 non
964 1163 1022 1218 sint
1045 1166 1074 1218 ct

63 1233 172 1290 interire
191 1233 311 1305 possint,
331 1249 386 1302 quo
405 1232 559 1287 constituto
578 1231 783 1287 beatitudinem
797 1232 913 1287 deorum
930 1233 1003 1291 tolli.
1028 1233 1074 1287 Ad

64 1305 132 1359 hanc
153 1304 401 1376 reprehensionem
425 1301 568 1356 vitandam
586 1298 667 1370 quasi
690 1318 791 1372 corpus
810 1303 840 1357 et
863 1303 945 1372 quasi
962 1304 1074 1374 sangui·

64 1392 124 1430 nem
141 1375 306 1446 excogitata
319 1391 389 1440 esse,
404 1389 475 1442 quae
489 1371 558 1441 quid
572 1373 638 1439 sint,
655 1372 797 1427 neminem
809 1389 893 1444 posse
906 1373 1073 1444 intellegere

65 1448 131 1517 (cap.
141 1453 249 1502 23—26
268 1452 283 1512 ἓ
298 1447 424 1515 66-74).“
451 1442 556 1508 Quibus
571 1444 666 1497 autem
678 1443 834 1499 rationibus
847 1444 971 1499 humana
983 1445 1075 1500 forma

65 1517 105 1571 dis
123 1517 295 1582 adsumatur,
314 1532 362 1570 cas
378 1513 487 1568 nullam
504 1513 563 1568 vim
579 1513 692 1568 habere.
719 1513 793 1570 Nm
812 1515 887 1583 quod
905 1531 1001 1570 omnes
1014 1516 1074 1572 fere
1180 1545 1183 1552 ·

64 1587 187 1644 homines
236 1588 330 1642 raeler
352 1583 509 1655 Aegyptios
533 1585 563 1638 et
583 1600 688 1654 pancas
711 1583 769 1640 fere
795 1584 865 1639 alias
890 1587 989 1655 gentes
1012 1603 1074 1642 cam

65 1657 178 1713 formam
226 1659 232 1670 '
272 1655 445 1728 cogitatione
468 1654 625 1725 adfingant,
648 1654 678 1709 id
696 1671 754 1710 non
770 1670 788 1709 a
809 1658 910 1711 natura
927 1673 989 1711 esse
1031 1673 1075 1712 ro-

65 1727 173 1811 fectum,
194 1729 246 1810 seu
259 1729 309 1810 ant
326 1725 446 1783 consilio
464 1727 585 1781 humano
600 1728 650 1808 aut
663 1724 856 1796 superstitioni
874 1742 892 1781 a
909 1676 1074 1810 pictoribus,

65 1795 1076 1948 tlh’affalhettttttntltalass,ttuullltlit

65 1939 172 1998 homine
201 1939 360 2012 pulchrius;
387 1954 445 1993 non
467 1953 542 1992 cmm
564 1937 680 1992 dubium
706 1954 779 2005 esse,
803 1938 871 2008 quin
899 1939 985 1994 etiam
1007 1940 1076 1997 bovi

66 2011 133 2066 nihil
150 2013 236 2079 bove,
254 2009 319 2066 cani
335 2009 409 2064 nihil
427 2023 496 2062 cane
513 2008 659 2078 pulchrius
677 2008 815 2064 videatur.
842 2009 970 2079 Denique
987 2009 1076 2066 incer·

65 2082 122 2136 tum
137 2083 214 2138 illud
232 2098 302 2148 esse,
321 2080 397 2150 quod
414 2095 551 2148 nusquam
568 2078 624 2133 nisi
645 2079 676 2132 in
693 2079 784 2149 figura
800 2079 924 2135 humana
942 2080 1016 2136 ratio
1035 2083 1077 2136 at-

66 2149 1077 2292 iriensiltliffiligeitgiiiigoruiiicolhlgnililicelffiuigapiropgigailinfflrilulill’aqgsz}

66 2309 150 2363 posse.
191 2292 272 2358 Quod
300 2309 396 2348 sensus
423 2308 481 2346 non
508 2290 621 2360 doceat,
649 2291 787 2347 rationem
811 2292 919 2347 docere.
956 2293 1030 2348 Nam
1052 2292 1076 2348 si

66 2365 174 2420 nullum
191 2364 235 2418 dis
253 2363 413 2434 negotium,
432 2361 508 2431 quod
525 2362 651 2417 membra
668 2361 793 2433 corporis
810 2363 927 2418 humani
943 2364 1077 2433 requirat,

66 2435 134 2490 nihil
150 2433 287 2490 membris
305 2451 376 2505 opus
394 2449 456 2488 esse
474 2434 546 2503 (cap.
565 2440 670 2489 27-37
694 2439 710 2500 ς
729 2437 870 2504 ‘to-102).
907 2434 967 2488 Iam
983 2435 1015 2488 in
1033 2450 1077 2489 ce-

67 2506 131 2560 teris
149 2505 238 2562 etiam
251 2503 473 2574 quaestionibus,
491 2503 527 2557 de
541 2503 694 2572 domicilio,
714 2503 748 2558 ds
763 2503 831 2571 vita,
850 2504 886 2559 de
899 2502 1076 2560 beatitudine

68 2575 190 2646 deorum,
208 2576 335 2632 laborare
354 2573 521 2646 Epicuream
538 2573 690 2642 rationem3
708 2574 816 2628 nullam
834 2574 865 2630 in
882 2574 927 2629 dis
950 2575 1077 2631 solidita·
1105 2629 1106 2632 ,

67 2647 122 2701 tem
139 2663 203 2703 esse
220 2663 272 2702 nec
295 2647 332 2700 ad
349 2661 494 2700 numerum
516 2660 678 2714 permanere
696 2643 762 2699 illos
781 2645 887 2712 dicere,
911 2645 961 2700 sed
978 2644 1077 2714 imagi-

67 2734 130 2772 num
149 2715 336 2773 similitudine
354 2717 384 2772 et
400 2713 567 2770 transitione
590 2715 708 2797 percipi.
744 2716 804 2769 Iam
822 2715 848 2770 si
864 2715 944 2769 nulla
961 2715 1078 2770 deorum

69 2787 106 2842 sit
121 2787 253 2844 soliditas
271 2790 302 2842 et
319 2785 481 2852 eminentie,
498 2785 571 2840 nihil
589 2787 734 2855 interesse,
752 2788 847 2840 utrum
860 2786 896 2840 de
914 2786 968 2841 deo
986 2801 1023 2840 an
1041 2785 1077 2842 de

68 2857 288 2931 hippocentauro
307 2858 479 2929 disputetur,
496 2856 653 2926 meritoque
672 2857 739 2912 deos
758 2856 795 2910 ad
814 2873 861 2911 eas
880 2855 1077 2912 conformatio·

69 2945 115 2984 nes
132 2929 244 2996 referri,
263 2927 312 2998 qui
329 2930 422 2984 motus
440 2927 538 2982 inanes
559 2927 745 2999 appellentur.
783 2925 890 2992 Quodsi
906 2926 1077 2998 imaginibus

70 2999 182 3056 deorum
208 2999 358 3071 pulsentur
383 2996 483 3064 animi,
509 3012 678 3068 quamquam
701 2999 764 3053 tota
787 3015 832 3052 res
856 2998 1007 3068 nugatoria
1031 2998 1077 3066 sit,

69 3071 162 3127 tamen
188 3069 296 3142 species
323 3069 469 3125 dumtaxat
495 3068 572 3124 obici
595 3068 708 3135 animis,
735 3085 793 3124 non
824 3085 874 3123 cnr
900 3084 950 3124 eae
976 3069 1077 3124 beatae

70 3140 124 3196 sint
140 3144 192 3198 aut
209 3143 348 3208 aeternae,
366 3140 422 3197 etsi
439 3141 486 3196 vel
502 3138 623 3194 maximo
642 3139 819 3195 continenter
835 3138 967 3194 ferantur.
1004 3140 1078 3194 Nam

70 3209 145 3267 illam
157 3212 316 3283 ἰσονομίαν,
333 3210 365 3265 id
378 3211 423 3266 est
435 3210 682 3293 aequilibritatem,
695 3208 819 3281 Epicuri,
833 3226 896 3278 qua,
915 3209 965 3280 qui
977 3213 1078 3266 natura

70 3282 194 3339 mortalis
213 3282 260 3350 sit,
277 3281 352 3337 ntis
371 3281 458 3337 etiam
475 3281 643 3336 immortalis
663 3280 708 3347 sit,
728 3279 802 3336 effici
819 3281 914 3364 putet,
931 3281 1078 3352 perabsur-

71 3351 130 3409 dum
153 3370 230 3422 esse,
256 3351 332 3422 quod
350 3368 385 3408 ea
402 3353 515 3422 sumpta
536 3352 635 3408 eodem
657 3349 741 3406 modo
765 3350 863 3422 colhgi
883 3351 990 3423 possit,
1012 3351 1079 3420 quia

71 3421 194 3481 homines
212 3424 244 3479 in
261 3426 337 3478 terra
348 3425 508 3490 nascantur,
526 3421 613 3478 etiam
626 3421 656 3476 in
670 3438 743 3490 aqua
755 3421 843 3490 nasci,
861 3423 891 3477 et
903 3422 986 3477 huius
1000 3420 1078 3477 modi

71 3493 187 3551 absurda
204 3495 298 3567 plura,
332 3493 436 3549 Beatus
459 3509 526 3549 vcro
545 3509 608 3548 cnm
627 3492 689 3546 sine
706 3491 811 3548 virtute
833 3509 916 3548 nemo
936 3508 996 3548 esse
1014 3506 1077 3562 pos-

826 3581 863 3635 1*
