2596 3882
326 135 393 190 LIB.
413 136 448 193 Π.
473 135 549 191 οΑΡ.
570 142 683 192 10-13.
707 143 722 202 a
743 142 855 192 18-aa
1025 138 1096 203 313

81 301 147 364 qua
162 279 336 352 ¹civitatem
360 283 523 346 extrueret
546 281 708 346 arbitratu
728 302 796 365 sue,
818 282 1019 365 praeclaram
1037 281 1093 346 ille

81 367 213 452 quidem
235 367 387 453 fortasse,
410 368 467 433 sed
490 391 509 433 a
532 369 601 433 vita
624 369 793 433 hominum
812 369 1041 434 abhorrentem
1059 373 1093 434 et

81 456 237 540 moribus,
256 457 374 541 reliqui
392 456 614 521 disseruerunt
631 457 700 520 sine
719 457 788 522 ullo
807 461 897 522 certo
916 457 1094 542 exemplari
1111 473 1146 522 22

79 544 251 629 formaque
278 545 326 609 rei
352 543 503 630 publicae
531 545 570 609 de
596 544 768 630 generibus
792 549 825 610 et
849 545 887 609 de
910 546 1093 611 rationibus

51 633 268 716 scisitatum3
300 636 337 697 tu
369 633 450 698 mihi
481 633 601 698 videris
632 637 807 718 utrumque
836 635 996 719 facturus,
1028 655 1062 698 es
1088 631 1092 719 l

82 721 169 784 enim
192 721 240 786 ita
262 720 444 807 ingressus,
466 724 516 806 ut,
540 743 622 806 quae
644 721 715 806 ipse
738 722 896 807 reperias,
918 722 975 786 tri·
999 724 1041 803 [p.
1059 737 1094 786 82

81 809 181 874 buere
209 809 283 874 aliis
311 809 407 874 malis
436 831 547 894 quam,
573 813 611 874 ut
631 809 712 874 facit
735 809 821 894 apud
843 808 1015 875 Platonem
1039 807 1094 875 So·

81 901 202 981 crates,
229 897 300 982 ipse
327 897 450 983 fingere
479 901 511 962 et
537 898 596 962 illa
625 897 663 962 de
691 898 782 962 urbis
810 898 876 962 situ
899 919 1029 964 revoces
1053 898 1094 963 ad
1146 899 1149 908 '

81 986 257 1070 rationem,
285 1007 366 1070 quae
394 985 576 1051 aRomulo
605 1007 682 1051 casu
712 990 769 1052 aut
791 987 984 1052 necessitate
1006 986 1095 1051 faeta

39 1095 67 1134 ro
82 1077 175 1158 sunt,
202 1077 235 1138 et
259 1073 404 1158 disputes
427 1096 494 1138 non
515 1075 651 1160 vaganti
674 1074 830 1157 oratione,
854 1074 910 1138 sed
934 1075 1038 1139 defixa
1060 1075 1096 1138 in

81 1183 200 1227 unare
218 1162 358 1247 publica.
391 1159 497 1236 Quare
515 1184 624 1248 perge,
641 1166 679 1227 ut
697 1163 885 1247 instituisti,
909 1164 1094 1247 prospicere

82 1251 170 1314 enim
196 1250 261 1314 iam
290 1250 401 1315 videor
424 1253 458 1314 te
480 1251 622 1334 reliquos
645 1272 740 1336 reges
762 1255 977 1336 persequente
1001 1251 1094 1335 quasi

80 1337 261 1423 perfectam
284 1360 353 1403 rem
375 1338 549 1423 publicam.

149 1425 253 1512 Ergo,
280 1425 388 1512 inquit
411 1424 532 1511 Scipio,
556 1450 628 1492 cum
651 1427 708 1491 ille
729 1426 734 1510 Ι
754 1427 887 1493 Romuli
910 1449 957 1494 se
980 1430 1021 1509 [p.
1041 1409 1149 1493 28112

41 1519 193 1599 renatus,
217 1515 273 1600 qui
293 1516 469 1580 constabat
491 1537 531 1580 ex
554 1515 781 1600 optimatibus,
805 1517 922 1600 quibus
944 1516 1015 1600 ipse
1037 1538 1095 1581 rex
1113 1488 1148 1537 23

83 1607 214 1668 tantum
240 1603 424 1688 tribuisset,
450 1605 488 1668 ut
515 1625 570 1668 eos
598 1608 709 1688 patres
732 1604 833 1669 vellet
855 1604 1018 1669 nominari
1040 1627 1095 1689 pa-

83 1691 259 1776 triciosque
287 1714 399 1756 eorum
426 1691 562 1776 liberos,
589 1696 767 1775 temptaret
788 1696 866 1778 post
888 1693 1021 1757 Romuli
1045 1715 1095 1756 ex·

83 1801 224 1864 cessum,
251 1784 288 1844 ut
308 1779 381 1865 ipse
403 1784 532 1866 regeret
555 1779 623 1844 sine
646 1802 723 1868 rege
745 1802 816 1845 rem
838 1781 1017 1866 publicam,
1040 1803 1095 1866 po-

82 1869 180 1954 pulus
203 1868 237 1932 id
258 1890 325 1934 non
347 1869 425 1932 tulit
448 1868 670 1952 desiderioque
689 1869 822 1934 Romuli
844 1873 961 1954 postea
984 1890 1095 1955 regem

42 1980 70 2019 ao
83 1956 234 2042 flagitare
266 1978 332 2021 non
365 1956 504 2040 destitit3
538 1979 611 2022 cum
643 1957 820 2042 prudenter
851 1958 902 2022 illi
933 1957 1096 2043 principes

82 2067 203 2110 novam
235 2049 268 2109 et
299 2045 479 2109 inauditam
512 2046 626 2110 ceteris
660 2046 813 2131 gentibus
842 2046 1021 2131 interregni
1048 2047 1096 2110 in·
1148 2069 1150 2075 ·

85 2133 182 2198 eundi
203 2133 365 2198 rationem
388 2130 672 2219 excogiltaverunt,
694 2138 741 2218 ut,
765 2135 871 2219 quoad
893 2157 958 2200 cer·
982 2137 1023 2215 [p.
1042 2150 1095 2199 282

84 2225 138 2286 tus
169 2243 227 2286 rex
259 2221 441 2286 declaratus
474 2225 574 2304 esset,
605 2245 664 2287 nec
694 2223 764 2287 sine
790 2244 867 2309 rege
894 2223 1010 2288 civitas
1037 2243 1097 2287 nec

85 2310 237 2397 diuturno
265 2330 342 2395 rege
369 2313 456 2374 esset
482 2332 546 2374 uno
570 2331 630 2375 nee
652 2311 923 2394 committeretur,
951 2315 988 2375 ut
1012 2311 1097 2394 quis·

43 2419 71 2460 25
85 2420 184 2483 quam
211 2398 393 2462 inveterata
419 2401 583 2482 potestate
607 2402 665 2462 aut
687 2398 728 2463 ad
750 2399 975 2484 deponendum
997 2399 1097 2483 impe·

84 2486 170 2551 rium
193 2485 318 2550 tardior
341 2490 427 2551 esset
450 2486 571 2551 autad
595 2486 806 2571 optinendum
824 2487 988 2552 munitior.
1026 2485 1095 2561 Quo
1115 2499 1150 2548 24

85 2574 216 2659 quidem
248 2578 395 2659 tempore
425 2596 529 2640 novus
556 2574 614 2639 ille
641 2575 781 2659 populus
809 2575 891 2640 vidit
917 2579 1028 2640 tamen
1054 2575 1097 2659 id,

85 2663 172 2747 quod
194 2662 281 2749 fugit
298 2662 589 2728 Lacedaemonium
607 2662 801 2748 Lycurgum,
824 2663 880 2748 qui
902 2684 1014 2749 regem
1031 2685 1096 2728 non

84 2751 291 2837 deligendum
315 2751 415 2836 duxit,
439 2751 467 2816 si
490 2750 586 2816 modo
609 2751 672 2816 hoo
693 2751 729 2814 in
746 2749 888 2837 Lycurgi
909 2754 1074 2835 potestate
1092 2749 1095 2836 l

44 2859 72 2898 ao
84 2840 194 2925 potuit
215 2861 295 2924 esse,
318 2840 374 2904 sed
393 2839 588 2922 habendum,
607 2840 851 2924 qualiscumque
869 2841 898 2904 is
916 2839 964 2904 fo·
978 2841 1024 2934 [p.
1045 2854 1096 2904 283

85 2931 146 3012 ret,
169 2928 225 3013 qui
248 2927 344 2993 modo
367 2931 455 2992 esset
477 2927 627 2993 Herculis
652 2928 754 3012 stirpe
778 2931 965 3013 generatus3
991 2928 1098 2993 nostri

84 3016 137 3080 illi
162 3017 358 3081 etiamtum
386 3020 532 3101 agrestes
555 3016 706 3081 viderunt
732 3015 888 3081 virtutem
916 3019 951 3080 et
973 3016 1097 3102 sapien-

84 3105 168 3169 tiam
191 3105 346 3190 regalem,
368 3125 435 3168 non
456 3104 646 3191 progeniem
661 3103 782 3189 'quaeri
805 3108 964 3190 oportere.

153 3191 277 3268 Quibus
300 3215 374 3258 cum
397 3214 467 3258 esse
490 3196 712 3277 praestantem
734 3190 876 3257 Numam
899 3191 1097 3278 Pompilium
1109 3164 1151 3290 12²}

43 3282 177 3346 asama
201 3280 316 3364 ferret,
343 3281 582 3366 praetermissis
610 3282 677 3346 suis
705 3280 829 3345 civibus
852 3303 964 3367 regem
988 3282 1098 3347 alieni-

86 3392 206 3457 genam
233 3369 383 3456 patribus
407 3370 593 3435 auctoribus
617 3369 680 3434 sibi
703 3369 774 3453 ipse
795 3371 936 3455 populus
960 3371 1097 3436 adscivit

86 3481 225 3543 eumque
257 3458 298 3524 ad
331 3457 533 3543 regnandum
562 3457 567 3540 Ι
596 3455 752 3522 Sabinum
783 3458 948 3523 hominem
980 3461 1022 3540 [p.
1046 3474 1098 3524 284
