2610 3894
174 163 219 228 94
485 159 535 214 ne
553 159 879 215 unruannnoauu

172 330 252 373 num
277 309 375 391 atque
399 303 633 372 abundantiam
660 304 743 369 aliae
766 305 840 369 aliis
862 305 898 370 in
920 305 1000 371 locis
1023 307 1189 390 reperiun-

173 401 236 461 tur.
282 394 415 482 Aegypt
416 416 472 460 um
498 391 596 457 Nilus
627 392 752 478 inrigat
784 396 829 477 et,
862 415 936 458 eum
962 397 1036 459 tota
1063 399 1189 460 aestate

174 484 272 550 obrut
257 488 327 549 tam
348 483 460 568 opplet
462 501 579 565 amque
601 481 716 563 tenuit,
739 483 811 546 tum
833 481 955 546 recedit
977 483 1189 568 mollitosque

174 576 208 638 et
231 572 406 638 oblimatos
434 589 532 656 agros
560 568 602 634 ad
630 531 801 634 sereridum
826 570 991 653 relinquit.
1041 570 1155 657 Mesop
1158 595 1190 638 o·
1298 639 1299 656 ,

173 661 311 727 tamiam
335 657 479 724 fertilem
502 655 602 722 efficit
624 657 860 743 Euphratess
851 680 887 722 m
910 680 1008 743 quam
1031 663 1112 743 quot
1135 683 1190 725 an-
1217 682 1230 723 ι

173 771 234 815 nos
262 747 356 832 quasi
381 767 485 812 novos
513 765 610 830 agros
633 745 768 811 invehit
812 745 912 810 Indus
935 769 1026 831 vero,
1060 748 1115 831 qui
1140 753 1190 812 est
1298 773 1299 832 3

175 836 320 904 omnium
347 835 517 899 fluminum
545 833 719 919 maximus,
748 856 814 899 non
842 857 927 917 aqua
955 836 1062 900 solum
1091 857 1189 922 agros
1298 841 1299 906 l

174 925 402 990 laetificatet
437 923 585 1010 mitigat,
622 922 678 987 sed
710 943 766 987 eos
800 923 899 987 etiam
931 925 1086 1007 conserit,
1123 947 1190 990 ma·
1298 917 1299 988 ι

175 1035 275 1115 gnam
307 1012 392 1077 enim
423 1011 491 1077 vim
523 1010 683 1077 seminum
711 1031 819 1076 secum
846 1011 1003 1076 frumenti
1032 973 1190 1077 siniilium
1298 1013 1299 1032 ³

123 1117 172 1166 131
188 1101 266 1166 dicit
252 1105 307 1165 tur
334 1101 514 1184 deportare.
560 1098 730 1183 Multaque
757 1099 855 1164 alia
846 1121 881 1163 m
904 1100 976 1164 aliis
999 1101 1081 1166 locis
1105 1123 1189 1167 com-
1204 1125 1232 1164 ιι

175 1189 402 1255 memorabilia
432 1188 578 1274 proferre
605 1209 754 1272 possum,
784 1189 907 1252 multos
933 1188 999 1252 fert
986 1189 1061 1254 tiles
1092 1211 1189 1275 agros

121 1277 256 1349 bssalios
288 1277 427 1342 aliorum
454 1276 627 1342 fructuum.
673 1273 736 1341 Sed
765 1276 825 1341 illa
852 1280 975 1360 quanta
1002 1277 1190 1379 benignitas

174 1389 217 1432 na
217 1369 320 1449 turae,
344 1365 467 1450 quodt
469 1387 522 1430 am
545 1365 629 1430 mult
631 1387 650 1429 a
615 1364 713 1429 tad
730 1365 934 1448 vescendum,
957 1369 1026 1429 tam
1045 1366 1138 1431 varia
1158 1371 1191 1430 et

176 1459 244 1520 tam
270 1416 411 1521 iudunda
439 1453 560 1540 gignit,
587 1474 692 1537 neque
715 1475 754 1517 ea
775 1475 840 1517 uno
864 1457 1011 1538 tempore
1036 1455 1125 1538 anni,
1152 1459 1193 1519 ut

176 1565 304 1627 semper
327 1545 360 1606 et
382 1542 529 1607 novitate
552 1542 750 1607 delectemur
773 1544 806 1606 et
830 1541 935 1626 copia!
982 1540 1086 1618 Quam
1110 1546 1231 1607 tem-15

175 1631 320 1717 pestivos
349 1633 459 1696 autem
486 1630 587 1715 dedit,
616 1651 713 1715 quam
741 1629 902 1694 salutares
924 1651 991 1694 non
1014 1631 1110 1696 modo
1133 1630 1191 1696 ho-

176 1720 313 1803 minum,
336 1718 393 1784 sed
416 1718 516 1784 etiam
538 1717 697 1803 pecudum
720 1718 841 1804 generi,
863 1717 904 1782 iis
928 1718 1064 1802 denique
1089 1721 1192 1784 omni-

176 1810 251 1891 bus,
280 1829 362 1891 quae
390 1807 539 1872 oriuntur
563 1810 706 1889 eterra,
733 1809 849 1871 ventos
872 1806 1017 1872 Etesiae!
1051 1829 1191 1891 quorum

175 1897 256 1961 flatu
278 1895 372 1959 nimii
394 1898 618 1980 temperantur
641 1894 781 1978 calores3
809 1895 850 1959 ab
874 1895 977 1959 isdem
1001 1895 1100 1960 etiam
1124 1917 1191 1961 ma·

175 1983 279 2049 ritimi
302 2005 414 2048 cursus
438 1984 558 2049 celeres
582 1987 615 2048 et
639 1983 720 2048 certi
739 1983 938 2068 deriguntur.
973 1981 1080 2049 Multa
1098 2007 1191 2069 prae·
1205 2006 1231 2046 ao

124 2087 175 2136 133
189 2071 345 2138 tcreunda
369 2075 446 2136 sunt
470 2074 516 2152 [et
538 2074 650 2136 tamen
668 2071 773 2136 multa
793 2071 965 2152 dicuntur].
996 2071 1193 2138 Enumerari

177 2161 263 2226 enim
299 2181 366 2224 non
401 2163 540 2244 possunt
576 2159 746 2224 fluminum
784 2159 1038 2245 oportunitates,
1080 2165 1191 2226 aestus
1290 2207 1293 2218 ·

176 2247 336 2314 maritimi
364 2249 529 2328 [multum]
555 2247 742 2314 accedentes
771 2252 804 2311 et
831 2248 1029 2332 recedentes,
1062 2253 1191 2314 montes

176 2335 289 2403 vestiti
307 2339 405 2421 atque
424 2336 600 2420 silvestres,
624 2335 747 2400 salinae
766 2337 808 2400 ab
827 2357 886 2400 ora
904 2337 1070 2402 maritima
1088 2359 1192 2403 remo·
1298 2395 1299 2404 ,

176 2424 333 2507 tissimae,
356 2423 666 2490 medicamentorum
688 2423 881 2489 salutarium
899 2425 1108 2508 plenissimae
1127 2429 1191 2491 ter·
1205 2445 1229 2486 ιι

176 2536 241 2599 rae,
264 2512 425 2578 utilitates
450 2512 586 2596 denique
609 2511 863 2577 innumerabiles
887 2513 928 2577 ad
950 2514 1074 2578 victum
1097 2515 1193 2580 etad

177 2602 280 2667 vitam
303 2601 513 2666 necessariae.
549 2599 621 2665 Iam
640 2600 703 2664 diei
721 2601 891 2684 noctisque
909 2601 1098 2667 vicissitudo
1118 2624 1192 2667 con·
1298 2597 1299 2608 ’

176 2693 286 2756 servat
309 2689 491 2754 animantes
514 2689 662 2754 tribuens
686 2687 776 2754 aliud
798 2689 916 2774 agendi
938 2693 1077 2774 tempus,
1101 2691 1192 2756 aliud

177 2776 371 2863 quiescendi.
430 2776 483 2843 Sic
521 2776 661 2860 undique
698 2777 787 2842 omni
823 2777 950 2842 ratione
987 2779 1192 2844 concluditur

176 2870 285 2931 mente
308 2865 508 2950 consilioque
532 2864 640 2930 divino
665 2865 774 2930 omnia
796 2865 831 2930 in
853 2865 916 2930 hoe
938 2866 1058 2931 mundo
1083 2867 1123 2932 ad
1142 2889 1191 2932 sa·
1206 2886 1231 2927 ιι

176 2955 279 3020 lutem
316 2954 460 3019 omnium
493 2953 835 3038 conservationemque
868 2954 1105 3019 admirabiliter
1139 2956 1192 3020 ad-

178 3043 366 3108 ministrari.

125 3142 175 3192 133
243 3129 307 3196 Hie
335 3134 469 3213 quaeret
497 3129 672 3216 quispiam,
704 3131 872 3197 cuiusnam
900 3152 998 3197 eausa
1024 3135 1193 3197 tantarum
1298 3157 1299 3162 ¹

177 3239 286 3283 rerum
323 3218 451 3284 molitio
485 3217 575 3284 facta
606 3219 664 3303 sit,
700 3220 896 3284 arborumne
928 3223 962 3284 et
993 3219 1192 3287 herbarum?
1298 3237 1299 3264 1

178 3327 261 3392 quae
294 3327 491 3391 quamquam
523 3306 593 3370 sine
625 3328 723 3372 sensu
754 3310 846 3392 sunt,
880 3310 990 3372 tamen
1023 3330 1043 3372 a
1073 3311 1232 3374 natureae
1298 3323 1299 3328 ’

178 3393 388 3459 sustinentur.
425 3395 472 3460 At
494 3394 528 3460 id
552 3394 681 3478 quidem
705 3395 881 3460 absurdum
905 3400 963 3461 est.
999 3397 1054 3460 An
1073 3396 1194 3463 bestia·

177 3482 273 3549 rum?
310 3480 424 3548 Nihilo
451 3483 655 3569 probabilius
684 3482 760 3548 deos
789 3487 953 3549 mutarum
981 3487 1014 3549 et
1041 3484 1124 3549 nihil
1147 3486 1195 3552 in·
1298 3499 1299 3504 ’
