<?xml version="1.0" encoding="UTF-8"?>
<!DOCTYPE html PUBLIC "-//W3C//DTD XHTML 1.0 Transitional//EN"
    "http://www.w3.org/TR/xhtml1/DTD/xhtml1-transitional.dtd">
<html xmlns="http://www.w3.org/1999/xhtml" xml:lang="en" lang="en">
 <head>
  <title>
</title>
<meta http-equiv="Content-Type" content="text/html;charset=utf-8" />
  <meta name='ocr-system' content='tesseract 3.04.00' />
  <meta name='ocr-capabilities' content='ocr_page ocr_carea ocr_par ocr_line ocrx_word'/>
</head>
<body>
  <div class='ocr_page' id='page_1' title='image "./scriptaquaemans02mullgoog_0482.png"; bbox 0 0 2578 3874; ppageno 0'>
   <div class='ocr_carea' id='block_1_1' title="bbox 362 152 1127 220">
    <p class='ocr_par' dir='ltr' id='par_1_1' title="bbox 362 152 1127 220">
     <span class='ocr_line' id='line_1_1' title="bbox 362 152 1127 220; baseline 0.017 -14"><span class='ocrx_word' id='word_1_1' title='bbox 362 152 430 209; x_wconf 78' lang='lat' dir='ltr'>uie.</span> <span class='ocrx_word' id='word_1_2' title='bbox 449 154 484 209; x_wconf 90' lang='lat'>11.</span> <span class='ocrx_word' id='word_1_3' title='bbox 505 153 581 209; x_wconf 75' lang='lat' dir='ltr'>cnr.</span> <span class='ocrx_word' id='word_1_4' title='bbox 602 160 715 211; x_wconf 80' lang='lat' dir='ltr'>1s-sr.</span> <span class='ocrx_word' id='word_1_5' title='bbox 734 159 749 220; x_wconf 68' lang='lat' dir='ltr'>a</span> <span class='ocrx_word' id='word_1_6' title='bbox 767 159 882 210; x_wconf 57' lang='grc' dir='ltr'>,ιτ-53.</span> <span class='ocrx_word' id='word_1_7' title='bbox 1059 153 1127 218; x_wconf 69' lang='lat'>425</span> 
     </span>
    </p>
   </div>
   <div class='ocr_carea' id='block_1_2' title="bbox 1 297 1183 3564">
    <p class='ocr_par' dir='ltr' id='par_1_2' title="bbox 77 297 1180 1532">
     <span class='ocr_line' id='line_1_2' title="bbox 115 297 1127 402; baseline 0.002 -39"><span class='ocrx_word' id='word_1_8' title='bbox 115 298 159 401; x_wconf 79' lang='lat' dir='ltr'>ad</span> <span class='ocrx_word' id='word_1_9' title='bbox 181 301 279 399; x_wconf 79' lang='lat' dir='ltr'>caput</span> <span class='ocrx_word' id='word_1_10' title='bbox 300 297 430 402; x_wconf 65' lang='lat' dir='ltr'>referat,</span> <span class='ocrx_word' id='word_1_11' title='bbox 442 319 511 401; x_wconf 36' lang='lat' dir='ltr'>’per</span> <span class='ocrx_word' id='word_1_12' title='bbox 533 319 568 364; x_wconf 88' lang='lat' dir='ltr'>se</span> <span class='ocrx_word' id='word_1_13' title='bbox 589 298 660 384; x_wconf 92' lang='lat' dir='ltr'>ipse</span> <span class='ocrx_word' id='word_1_14' title='bbox 677 297 782 400; x_wconf 40' lang='lat' dir='ltr'>facile·</span> <span class='ocrx_word' id='word_1_15' title='bbox 792 298 977 383; x_wconf 87' lang='lat' dir='ltr'>perspiciat.</span> <span class='ocrx_word' id='word_1_16' title='bbox 1003 297 1127 384; x_wconf 88' lang='lat' dir='ltr'>Veluti,</span> 
     </span>
     <span class='ocr_line' id='line_1_3' title="bbox 115 387 1126 561; baseline 0.002 -22"><span class='ocrx_word' id='word_1_17' title='bbox 115 387 1126 561; x_wconf 51' lang='lat' dir='ltr'>sustulittilmltttss‘tattitulati</span> 
     </span>
     <span class='ocr_line' id='line_1_4' title="bbox 117 563 1125 648; baseline 0.001 -20"><span class='ocrx_word' id='word_1_18' title='bbox 117 563 218 646; x_wconf 84' lang='lat' dir='ltr'>abeo,</span> <span class='ocrx_word' id='word_1_19' title='bbox 233 563 388 648; x_wconf 87' lang='lat' dir='ltr'>quoiipse</span> <span class='ocrx_word' id='word_1_20' title='bbox 397 563 491 628; x_wconf 89' lang='lat' dir='ltr'>heres</span> <span class='ocrx_word' id='word_1_21' title='bbox 501 565 595 647; x_wconf 88' lang='lat' dir='ltr'>esset,</span> <span class='ocrx_word' id='word_1_22' title='bbox 608 563 875 648; x_wconf 86' lang='lat' dir='ltr'>praetermissum</span> <span class='ocrx_word' id='word_1_23' title='bbox 883 563 1009 648; x_wconf 85' lang='lat' dir='ltr'>fuisset,</span> <span class='ocrx_word' id='word_1_24' title='bbox 1022 585 1125 648; x_wconf 84' lang='lat' dir='ltr'>caque</span> 
     </span>
     <span class='ocr_line' id='line_1_5' title="bbox 87 651 1125 737; baseline 0.002 -21"><span class='ocrx_word' id='word_1_25' title='bbox 87 651 255 737; x_wconf 82' lang='lat' dir='ltr'>specunia</span> <span class='ocrx_word' id='word_1_26' title='bbox 281 671 350 716; x_wconf 91' lang='lat' dir='ltr'>non</span> <span class='ocrx_word' id='word_1_27' title='bbox 378 651 484 718; x_wconf 87' lang='lat' dir='ltr'>minor</span> <span class='ocrx_word' id='word_1_28' title='bbox 513 655 600 716; x_wconf 88' lang='lat' dir='ltr'>esset</span> <span class='ocrx_word' id='word_1_29' title='bbox 625 651 715 716; x_wconf 84' lang='lat' dir='ltr'>facta</span> <span class='ocrx_word' id='word_1_30' title='bbox 740 673 814 718; x_wconf 89' lang='lat' dir='ltr'>cum</span> <span class='ocrx_word' id='word_1_31' title='bbox 841 652 1007 737; x_wconf 79' lang='lat' dir='ltr'><strong>superiore</strong></span> <span class='ocrx_word' id='word_1_32' title='bbox 1036 674 1125 718; x_wconf 87' lang='lat' dir='ltr'>exac-</span> 
     </span>
     <span class='ocr_line' id='line_1_6' title="bbox 115 739 1125 826; baseline 0.003 -22"><span class='ocrx_word' id='word_1_33' title='bbox 115 739 216 824; x_wconf 85' lang='lat' dir='ltr'>tione,</span> <span class='ocrx_word' id='word_1_34' title='bbox 238 761 336 826; x_wconf 90' lang='lat' dir='ltr'>quam</span> <span class='ocrx_word' id='word_1_35' title='bbox 358 739 531 806; x_wconf 87' lang='lat' dir='ltr'>heredibus</span> <span class='ocrx_word' id='word_1_36' title='bbox 553 740 705 805; x_wconf 88' lang='lat' dir='ltr'>omnibus</span> <span class='ocrx_word' id='word_1_37' title='bbox 728 742 816 805; x_wconf 87' lang='lat' dir='ltr'>esset</span> <span class='ocrx_word' id='word_1_38' title='bbox 832 741 955 825; x_wconf 81' lang='lat' dir='ltr'>relicta,</span> <span class='ocrx_word' id='word_1_39' title='bbox 979 741 1035 825; x_wconf 89' lang='lat' dir='ltr'>qui</span> <span class='ocrx_word' id='word_1_40' title='bbox 1053 762 1125 807; x_wconf 89' lang='lat' dir='ltr'>eam</span> 
     </span>
     <span class='ocr_line' id='line_1_7' title="bbox 116 826 1126 914; baseline 0.001 -21"><span class='ocrx_word' id='word_1_41' title='bbox 116 828 287 914; x_wconf 89' lang='lat' dir='ltr'>pecuniam</span> <span class='ocrx_word' id='word_1_42' title='bbox 302 827 480 914; x_wconf 65' lang='lat' dir='ltr'>.exegisset,</span> <span class='ocrx_word' id='word_1_43' title='bbox 502 829 608 893; x_wconf 87' lang='lat' dir='ltr'>solum</span> <span class='ocrx_word' id='word_1_44' title='bbox 631 829 701 892; x_wconf 89' lang='lat' dir='ltr'>sine</span> <span class='ocrx_word' id='word_1_45' title='bbox 722 826 933 894; x_wconf 74' lang='lat' dir='ltr'>coheredibus</span> <span class='ocrx_word' id='word_1_46' title='bbox 955 829 1058 894; x_wconf 88' lang='lat' dir='ltr'>sacris</span> <span class='ocrx_word' id='word_1_47' title='bbox 1081 830 1126 894; x_wconf 88' lang='lat' dir='ltr'>al·</span> 
     </span>
     <span class='ocr_line' id='line_1_8' title="bbox 116 915 1128 1003; baseline 0 -21"><span class='ocrx_word' id='word_1_48' title='bbox 116 916 224 1002; x_wconf 80' lang='lat' dir='ltr'>ligari.</span> <span class='ocrx_word' id='word_1_49' title='bbox 253 915 352 992; x_wconf 61' lang='lat' dir='ltr'>‘Quin</span> <span class='ocrx_word' id='word_1_50' title='bbox 377 917 477 982; x_wconf 88' lang='lat' dir='ltr'>etiam</span> <span class='ocrx_word' id='word_1_51' title='bbox 499 920 627 999; x_wconf 88' lang='lat' dir='ltr'>cavent,</span> <span class='ocrx_word' id='word_1_52' title='bbox 654 917 706 999; x_wconf 88' lang='lat' dir='ltr'>ut,</span> <span class='ocrx_word' id='word_1_53' title='bbox 733 916 785 981; x_wconf 90' lang='lat' dir='ltr'>cui</span> <span class='ocrx_word' id='word_1_54' title='bbox 806 917 881 1001; x_wconf 88' lang='lat' dir='ltr'>plus</span> <span class='ocrx_word' id='word_1_55' title='bbox 904 917 1050 1003; x_wconf 82' lang='lat' dir='ltr'>legatum</span> <span class='ocrx_word' id='word_1_56' title='bbox 1073 918 1128 1002; x_wconf 88' lang='lat' dir='ltr'>sit,</span> 
     </span>
     <span class='ocr_line' id='line_1_9' title="bbox 117 1004 1127 1091; baseline 0.002 -23"><span class='ocrx_word' id='word_1_57' title='bbox 117 1027 217 1089; x_wconf 89' lang='lat' dir='ltr'>quam</span> <span class='ocrx_word' id='word_1_58' title='bbox 236 1004 305 1069; x_wconf 89' lang='lat' dir='ltr'>sine</span> <span class='ocrx_word' id='word_1_59' title='bbox 322 1004 479 1091; x_wconf 78' lang='lat' dir='ltr'>religione</span> <span class='ocrx_word' id='word_1_60' title='bbox 498 1024 612 1089; x_wconf 86' lang='lat' dir='ltr'>capere</span> <span class='ocrx_word' id='word_1_61' title='bbox 630 1004 736 1088; x_wconf 89' lang='lat' dir='ltr'>liceat,</span> <span class='ocrx_word' id='word_1_62' title='bbox 758 1004 787 1070; x_wconf 89' lang='lat' dir='ltr'>is</span> <span class='ocrx_word' id='word_1_63' title='bbox 805 1025 864 1089; x_wconf 91' lang='lat' dir='ltr'>per</span> <span class='ocrx_word' id='word_1_64' title='bbox 882 1026 937 1070; x_wconf 88' lang='lat' dir='ltr'>aes</span> <span class='ocrx_word' id='word_1_65' title='bbox 957 1008 990 1070; x_wconf 91' lang='lat' dir='ltr'>et</span> <span class='ocrx_word' id='word_1_66' title='bbox 1008 1005 1127 1071; x_wconf 89' lang='lat' dir='ltr'>libram</span> 
     </span>
     <span class='ocr_line' id='line_1_10' title="bbox 77 1093 1126 1190; baseline 0 -32"><span class='ocrx_word' id='word_1_67' title='bbox 77 1111 103 1158; x_wconf 76' lang='grc' dir='ltr'>ιο</span> <span class='ocrx_word' id='word_1_68' title='bbox 117 1093 252 1157; x_wconf 89' lang='lat' dir='ltr'>heredes</span> <span class='ocrx_word' id='word_1_69' title='bbox 274 1093 464 1158; x_wconf 75' lang='lat' dir='ltr'>testamenti</span> <span class='ocrx_word' id='word_1_70' title='bbox 486 1093 603 1190; x_wconf 89' lang='lat' dir='ltr'>solvat,</span> <span class='ocrx_word' id='word_1_71' title='bbox 625 1095 800 1178; x_wconf 88' lang='lat' dir='ltr'>propterea</span> <span class='ocrx_word' id='word_1_72' title='bbox 822 1093 909 1177; x_wconf 88' lang='lat' dir='ltr'>quod</span> <span class='ocrx_word' id='word_1_73' title='bbox 926 1115 965 1158; x_wconf 89' lang='lat' dir='ltr'>eo</span> <span class='ocrx_word' id='word_1_74' title='bbox 984 1094 1056 1160; x_wconf 91' lang='lat' dir='ltr'>loco</span> <span class='ocrx_word' id='word_1_75' title='bbox 1073 1115 1126 1159; x_wconf 88' lang='lat' dir='ltr'>res</span> 
     </span>
     <span class='ocr_line' id='line_1_11' title="bbox 118 1180 1127 1268; baseline 0 -22"><span class='ocrx_word' id='word_1_76' title='bbox 118 1185 170 1246; x_wconf 88' lang='lat' dir='ltr'>est</span> <span class='ocrx_word' id='word_1_77' title='bbox 192 1182 240 1246; x_wconf 88' lang='lat' dir='ltr'>ita</span> <span class='ocrx_word' id='word_1_78' title='bbox 262 1181 371 1248; x_wconf 88' lang='lat' dir='ltr'>soluta</span> <span class='ocrx_word' id='word_1_79' title='bbox 393 1180 583 1264; x_wconf 88' lang='lat' dir='ltr'>hereditate,</span> <span class='ocrx_word' id='word_1_80' title='bbox 606 1181 700 1264; x_wconf 89' lang='lat' dir='ltr'>quasi</span> <span class='ocrx_word' id='word_1_81' title='bbox 723 1201 761 1245; x_wconf 88' lang='lat' dir='ltr'>ea</span> <span class='ocrx_word' id='word_1_82' title='bbox 778 1181 915 1265; x_wconf 85' lang='lat' dir='ltr'>pecunie</span> <span class='ocrx_word' id='word_1_83' title='bbox 932 1182 1044 1268; x_wconf 78' lang='lat' dir='ltr'>legata</span> <span class='ocrx_word' id='word_1_84' title='bbox 1060 1203 1127 1247; x_wconf 91' lang='lat' dir='ltr'>non</span> 
     </span>
     <span class='ocr_line' id='line_1_12' title="bbox 117 1273 1180 1460; baseline 0.001 -37"><span class='ocrx_word' id='word_1_85' title='bbox 117 1273 257 1423; x_wconf 70' lang='lat' dir='ltr'>eselica</span> <span class='ocrx_word' id='word_1_86' title='bbox 273 1379 336 1444; x_wconf 83' lang='lat' dir='ltr'>ego</span> <span class='ocrx_word' id='word_1_87' title='bbox 354 1357 426 1423; x_wconf 91' lang='lat' dir='ltr'>loco</span> <span class='ocrx_word' id='word_1_88' title='bbox 445 1358 622 1442; x_wconf 89' lang='lat' dir='ltr'>multisque</span> <span class='ocrx_word' id='word_1_89' title='bbox 640 1357 714 1422; x_wconf 90' lang='lat' dir='ltr'>aliis</span> <span class='ocrx_word' id='word_1_90' title='bbox 733 1378 853 1442; x_wconf 78' lang='lat' dir='ltr'>quaero</span> <span class='ocrx_word' id='word_1_91' title='bbox 872 1380 893 1423; x_wconf 93' lang='lat' dir='ltr'>a</span> <span class='ocrx_word' id='word_1_92' title='bbox 909 1358 1013 1441; x_wconf 88' lang='lat' dir='ltr'>vobis,</span> <span class='ocrx_word' id='word_1_93' title='bbox 1036 1356 1127 1424; x_wconf 80' lang='lat' dir='ltr'>Scae</span> <span class='ocrx_word' id='word_1_94' title='bbox 1136 1333 1180 1460; x_wconf 52' lang='grc' dir='ltr'>ἓξ</span> 
     </span>
     <span class='ocr_line' id='line_1_13' title="bbox 117 1446 1127 1532; baseline -0.001 -19"><span class='ocrx_word' id='word_1_95' title='bbox 117 1446 226 1531; x_wconf 79' lang='lat' dir='ltr'>volae,</span> <span class='ocrx_word' id='word_1_96' title='bbox 253 1447 423 1532; x_wconf 85' lang='lat' dir='ltr'>pontifices</span> <span class='ocrx_word' id='word_1_97' title='bbox 450 1446 584 1512; x_wconf 86' lang='lat' dir='ltr'>maximi</span> <span class='ocrx_word' id='word_1_98' title='bbox 607 1449 641 1510; x_wconf 87' lang='lat' dir='ltr'>et</span> <span class='ocrx_word' id='word_1_99' title='bbox 662 1446 810 1511; x_wconf 86' lang='lat' dir='ltr'>homines</span> <span class='ocrx_word' id='word_1_100' title='bbox 833 1467 906 1511; x_wconf 91' lang='lat' dir='ltr'>meo</span> <span class='ocrx_word' id='word_1_101' title='bbox 929 1446 1058 1530; x_wconf 89' lang='lat' dir='ltr'>quidem</span> <span class='ocrx_word' id='word_1_102' title='bbox 1080 1448 1127 1512; x_wconf 92' lang='lat' dir='ltr'>iu·</span> 
     </span>
    </p>

    <p class='ocr_par' dir='ltr' id='par_1_3' title="bbox 78 1533 1128 1619">
     <span class='ocr_line' id='line_1_14' title="bbox 78 1533 1128 1619; baseline 0.002 -20"><span class='ocrx_word' id='word_1_103' title='bbox 78 1557 105 1599; x_wconf 80' lang='lat' dir='ltr'>re</span> <span class='ocrx_word' id='word_1_104' title='bbox 120 1535 204 1600; x_wconf 89' lang='lat' dir='ltr'>dicio</span> <span class='ocrx_word' id='word_1_105' title='bbox 227 1535 417 1618; x_wconf 76' lang='lat' dir='ltr'>acutissimi,</span> <span class='ocrx_word' id='word_1_106' title='bbox 438 1535 517 1619; x_wconf 89' lang='lat' dir='ltr'>quid</span> <span class='ocrx_word' id='word_1_107' title='bbox 540 1535 592 1618; x_wconf 88' lang='lat' dir='ltr'>sit,</span> <span class='ocrx_word' id='word_1_108' title='bbox 616 1534 702 1618; x_wconf 91' lang='lat' dir='ltr'>quod</span> <span class='ocrx_word' id='word_1_109' title='bbox 725 1533 838 1599; x_wconf 90' lang='lat' dir='ltr'>adius</span> <span class='ocrx_word' id='word_1_110' title='bbox 861 1535 1064 1619; x_wconf 88' lang='lat' dir='ltr'>pontificium</span> <span class='ocrx_word' id='word_1_111' title='bbox 1086 1535 1128 1601; x_wconf 92' lang='lat' dir='ltr'>ci·</span> 
     </span>
    </p>

    <p class='ocr_par' dir='ltr' id='par_1_4' title="bbox 117 1621 1127 1708">
     <span class='ocr_line' id='line_1_15' title="bbox 117 1621 1127 1708; baseline 0.001 -20"><span class='ocrx_word' id='word_1_112' title='bbox 117 1624 182 1689; x_wconf 83' lang='lat' dir='ltr'>vile</span> <span class='ocrx_word' id='word_1_113' title='bbox 210 1623 387 1708; x_wconf 83' lang='lat' dir='ltr'>appetatis3</span> <span class='ocrx_word' id='word_1_114' title='bbox 414 1623 519 1689; x_wconf 82' lang='lat' dir='ltr'>civilis</span> <span class='ocrx_word' id='word_1_115' title='bbox 546 1623 633 1688; x_wconf 89' lang='lat' dir='ltr'>enim</span> <span class='ocrx_word' id='word_1_116' title='bbox 659 1621 739 1686; x_wconf 89' lang='lat' dir='ltr'>iuris</span> <span class='ocrx_word' id='word_1_117' title='bbox 767 1622 903 1687; x_wconf 89' lang='lat' dir='ltr'>scientia</span> <span class='ocrx_word' id='word_1_118' title='bbox 925 1623 1127 1708; x_wconf 88' lang='lat' dir='ltr'>pontificium</span> 
     </span>
    </p>

    <p class='ocr_par' dir='ltr' id='par_1_5' title="bbox 118 1709 1128 1796">
     <span class='ocr_line' id='line_1_16' title="bbox 118 1709 1128 1796; baseline 0 -20"><span class='ocrx_word' id='word_1_119' title='bbox 118 1711 259 1796; x_wconf 86' lang='lat' dir='ltr'>quodam</span> <span class='ocrx_word' id='word_1_120' title='bbox 282 1711 379 1776; x_wconf 91' lang='lat' dir='ltr'>modo</span> <span class='ocrx_word' id='word_1_121' title='bbox 401 1711 531 1776; x_wconf 82' lang='lat' dir='ltr'>tollitis.</span> <span class='ocrx_word' id='word_1_122' title='bbox 570 1709 657 1776; x_wconf 88' lang='lat' dir='ltr'>Nam</span> <span class='ocrx_word' id='word_1_123' title='bbox 680 1731 774 1776; x_wconf 89' lang='lat' dir='ltr'>sacra</span> <span class='ocrx_word' id='word_1_124' title='bbox 795 1731 869 1776; x_wconf 92' lang='lat' dir='ltr'>cum</span> <span class='ocrx_word' id='word_1_125' title='bbox 891 1711 1028 1796; x_wconf 87' lang='lat' dir='ltr'>pecunia</span> <span class='ocrx_word' id='word_1_126' title='bbox 1049 1733 1128 1796; x_wconf 92' lang='lat' dir='ltr'>pon·</span> 
     </span>
    </p>

    <p class='ocr_par' dir='ltr' id='par_1_6' title="bbox 117 1797 1128 1885">
     <span class='ocr_line' id='line_1_17' title="bbox 117 1797 1128 1885; baseline 0.001 -20"><span class='ocrx_word' id='word_1_127' title='bbox 117 1800 242 1865; x_wconf 87' lang='lat' dir='ltr'>tificum</span> <span class='ocrx_word' id='word_1_128' title='bbox 264 1799 468 1883; x_wconf 87' lang='lat' dir='ltr'>auctoritate,</span> <span class='ocrx_word' id='word_1_129' title='bbox 490 1799 583 1865; x_wconf 88' lang='lat' dir='ltr'>nulla</span> <span class='ocrx_word' id='word_1_130' title='bbox 604 1799 677 1885; x_wconf 84' lang='lat' dir='ltr'>lege</span> <span class='ocrx_word' id='word_1_131' title='bbox 701 1798 873 1864; x_wconf 87' lang='lat' dir='ltr'>coniuncta</span> <span class='ocrx_word' id='word_1_132' title='bbox 895 1804 980 1864; x_wconf 90' lang='lat' dir='ltr'>sunt.</span> <span class='ocrx_word' id='word_1_133' title='bbox 1011 1797 1128 1884; x_wconf 87' lang='lat' dir='ltr'>itaque</span> 
     </span>
    </p>

    <p class='ocr_par' dir='ltr' id='par_1_7' title="bbox 119 1887 1128 1974">
     <span class='ocr_line' id='line_1_18' title="bbox 119 1887 1128 1974; baseline 0.001 -22"><span class='ocrx_word' id='word_1_134' title='bbox 119 1889 148 1952; x_wconf 90' lang='lat' dir='ltr'>si</span> <span class='ocrx_word' id='word_1_135' title='bbox 170 1909 229 1953; x_wconf 87' lang='lat' dir='ltr'>vos</span> <span class='ocrx_word' id='word_1_136' title='bbox 248 1891 377 1952; x_wconf 90' lang='lat' dir='ltr'>tantum</span> <span class='ocrx_word' id='word_1_137' title='bbox 395 1887 491 1953; x_wconf 89' lang='lat' dir='ltr'>modo</span> <span class='ocrx_word' id='word_1_138' title='bbox 510 1887 679 1974; x_wconf 87' lang='lat' dir='ltr'>pontifices</span> <span class='ocrx_word' id='word_1_139' title='bbox 698 1887 822 1971; x_wconf 88' lang='lat' dir='ltr'>essetis,</span> <span class='ocrx_word' id='word_1_140' title='bbox 844 1888 1043 1973; x_wconf 88' lang='lat' dir='ltr'>pontificalis</span> <span class='ocrx_word' id='word_1_141' title='bbox 1061 1911 1128 1953; x_wconf 90' lang='lat' dir='ltr'>ma·</span> 
     </span>
    </p>

    <p class='ocr_par' dir='ltr' id='par_1_8' title="bbox 79 1975 1127 2060">
     <span class='ocr_line' id='line_1_19' title="bbox 79 1975 1127 2060; baseline 0.002 -20"><span class='ocrx_word' id='word_1_142' title='bbox 79 1980 212 2041; x_wconf 75' lang='lat' dir='ltr'>sonaret</span> <span class='ocrx_word' id='word_1_143' title='bbox 243 1976 435 2060; x_wconf 85' lang='lat' dir='ltr'>auctoritas,</span> <span class='ocrx_word' id='word_1_144' title='bbox 467 1977 524 2041; x_wconf 91' lang='lat' dir='ltr'>sed</span> <span class='ocrx_word' id='word_1_145' title='bbox 556 1976 641 2060; x_wconf 90' lang='lat' dir='ltr'>quod</span> <span class='ocrx_word' id='word_1_146' title='bbox 672 1976 771 2040; x_wconf 90' lang='lat' dir='ltr'>iidem</span> <span class='ocrx_word' id='word_1_147' title='bbox 801 1976 881 2040; x_wconf 88' lang='lat' dir='ltr'>iuris</span> <span class='ocrx_word' id='word_1_148' title='bbox 913 1975 1019 2042; x_wconf 82' lang='lat' dir='ltr'>civilis</span> <span class='ocrx_word' id='word_1_149' title='bbox 1047 1977 1127 2042; x_wconf 90' lang='lat' dir='ltr'>estis</span> 
     </span>
    </p>

    <p class='ocr_par' dir='ltr' id='par_1_9' title="bbox 119 2062 1128 2151">
     <span class='ocr_line' id='line_1_20' title="bbox 119 2062 1128 2151; baseline 0.001 -21"><span class='ocrx_word' id='word_1_150' title='bbox 119 2064 317 2151; x_wconf 79' lang='lat' dir='ltr'>peritissimi,</span> <span class='ocrx_word' id='word_1_151' title='bbox 335 2064 397 2130; x_wconf 90' lang='lat' dir='ltr'>hac</span> <span class='ocrx_word' id='word_1_152' title='bbox 415 2065 551 2130; x_wconf 89' lang='lat' dir='ltr'>scientia</span> <span class='ocrx_word' id='word_1_153' title='bbox 568 2065 661 2129; x_wconf 89' lang='lat' dir='ltr'>illam</span> <span class='ocrx_word' id='word_1_154' title='bbox 676 2064 815 2129; x_wconf 88' lang='lat' dir='ltr'>eluditis.</span> <span class='ocrx_word' id='word_1_155' title='bbox 843 2063 973 2130; x_wconf 76' lang='lat' dir='ltr'>Placuit</span> <span class='ocrx_word' id='word_1_156' title='bbox 985 2064 1022 2130; x_wconf 91' lang='lat' dir='ltr'>P.</span> <span class='ocrx_word' id='word_1_157' title='bbox 1036 2062 1128 2131; x_wconf 83' lang='lat' dir='ltr'>Scae-</span> 
     </span>
    </p>

    <p class='ocr_par' dir='ltr' id='par_1_10' title="bbox 117 2151 1128 2238">
     <span class='ocr_line' id='line_1_21' title="bbox 117 2151 1128 2238; baseline 0.001 -20"><span class='ocrx_word' id='word_1_158' title='bbox 117 2155 213 2218; x_wconf 74' lang='lat' dir='ltr'>uolae</span> <span class='ocrx_word' id='word_1_159' title='bbox 232 2157 266 2216; x_wconf 91' lang='lat' dir='ltr'>et</span> <span class='ocrx_word' id='word_1_160' title='bbox 283 2151 331 2216; x_wconf 82' lang='lat' dir='ltr'>Ti.</span> <span class='ocrx_word' id='word_1_161' title='bbox 346 2151 557 2236; x_wconf 81' lang='lat' dir='ltr'>Coruncanio,</span> <span class='ocrx_word' id='word_1_162' title='bbox 579 2153 788 2238; x_wconf 88' lang='lat' dir='ltr'>pontificibus</span> <span class='ocrx_word' id='word_1_163' title='bbox 806 2153 966 2237; x_wconf 87' lang='lat' dir='ltr'>maximis,</span> <span class='ocrx_word' id='word_1_164' title='bbox 984 2154 1128 2238; x_wconf 89' lang='lat' dir='ltr'>itemque</span> 
     </span>
    </p>

    <p class='ocr_par' dir='ltr' id='par_1_11' title="bbox 1 2241 1183 2415">
     <span class='ocr_line' id='line_1_22' title="bbox 119 2241 1127 2326; baseline -0.002 -19"><span class='ocrx_word' id='word_1_165' title='bbox 119 2241 235 2308; x_wconf 86' lang='lat' dir='ltr'>ceteris</span> <span class='ocrx_word' id='word_1_166' title='bbox 258 2262 327 2324; x_wconf 90' lang='lat' dir='ltr'>eos,</span> <span class='ocrx_word' id='word_1_167' title='bbox 354 2241 410 2325; x_wconf 91' lang='lat' dir='ltr'>qui</span> <span class='ocrx_word' id='word_1_168' title='bbox 432 2241 623 2306; x_wconf 84' lang='lat' dir='ltr'>tantundem</span> <span class='ocrx_word' id='word_1_169' title='bbox 646 2244 811 2326; x_wconf 87' lang='lat' dir='ltr'>ceperant,</span> <span class='ocrx_word' id='word_1_170' title='bbox 834 2247 993 2326; x_wconf 88' lang='lat' dir='ltr'>quantum</span> <span class='ocrx_word' id='word_1_171' title='bbox 1015 2263 1127 2308; x_wconf 89' lang='lat' dir='ltr'>ornnes</span> 
     </span>
     <span class='ocr_line' id='line_1_23' title="bbox 1 2328 1183 2415; baseline -0.002 -20"><span class='ocrx_word' id='word_1_172' title='bbox 1 2397 2 2404; x_wconf 9' lang='grc' dir='ltr'>χ</span> <span class='ocrx_word' id='word_1_173' title='bbox 119 2329 264 2414; x_wconf 90' lang='lat' dir='ltr'>heredes,</span> <span class='ocrx_word' id='word_1_174' title='bbox 288 2328 390 2393; x_wconf 86' lang='lat' dir='ltr'>sacris</span> <span class='ocrx_word' id='word_1_175' title='bbox 413 2328 551 2415; x_wconf 87' lang='lat' dir='ltr'>alligari.</span> <span class='ocrx_word' id='word_1_176' title='bbox 596 2328 710 2396; x_wconf 91' lang='lat' dir='ltr'>Habeo</span> <span class='ocrx_word' id='word_1_177' title='bbox 732 2330 784 2394; x_wconf 91' lang='lat' dir='ltr'>ius</span> <span class='ocrx_word' id='word_1_178' title='bbox 805 2330 1022 2415; x_wconf 70' lang='lat' dir='ltr'>pontificium,</span> <span class='ocrx_word' id='word_1_179' title='bbox 1050 2329 1127 2414; x_wconf 87' lang='lat' dir='ltr'>quid</span> <span class='ocrx_word' id='word_1_180' title='bbox 1145 2343 1183 2393; x_wconf 77' lang='lat' dir='ltr'>oe</span> 
     </span>
    </p>

    <p class='ocr_par' dir='ltr' id='par_1_12' title="bbox 1 2417 1128 2503">
     <span class='ocr_line' id='line_1_24' title="bbox 1 2417 1128 2503; baseline 0.004 -25"><span class='ocrx_word' id='word_1_181' title='bbox 1 2423 3 2494; x_wconf 62' lang='grc' dir='ltr'><em>ζ</em></span> <span class='ocrx_word' id='word_1_182' title='bbox 80 2437 107 2478; x_wconf 80' lang='lat' dir='ltr'>aa</span> <span class='ocrx_word' id='word_1_183' title='bbox 120 2419 184 2483; x_wconf 91' lang='lat' dir='ltr'>huc</span> <span class='ocrx_word' id='word_1_184' title='bbox 206 2418 342 2483; x_wconf 86' lang='lat' dir='ltr'>accessit</span> <span class='ocrx_word' id='word_1_185' title='bbox 360 2439 399 2482; x_wconf 85' lang='lat' dir='ltr'>ex</span> <span class='ocrx_word' id='word_1_186' title='bbox 415 2418 486 2482; x_wconf 91' lang='lat' dir='ltr'>iure</span> <span class='ocrx_word' id='word_1_187' title='bbox 505 2417 615 2482; x_wconf 81' lang='lat' dir='ltr'>civili?</span> <span class='ocrx_word' id='word_1_188' title='bbox 643 2417 836 2482; x_wconf 84' lang='lat' dir='ltr'>Partitionis</span> <span class='ocrx_word' id='word_1_189' title='bbox 855 2421 953 2503; x_wconf 91' lang='lat' dir='ltr'>caput</span> <span class='ocrx_word' id='word_1_190' title='bbox 971 2418 1128 2503; x_wconf 90' lang='lat' dir='ltr'>scriptum</span> 
     </span>
    </p>

    <p class='ocr_par' dir='ltr' id='par_1_13' title="bbox 1 2505 1129 2590">
     <span class='ocr_line' id='line_1_25' title="bbox 1 2505 1129 2590; baseline -0.001 -19"><span class='ocrx_word' id='word_1_191' title='bbox 1 2541 2 2548; x_wconf 20' lang='grc' dir='ltr'><strong>κ</strong></span> <span class='ocrx_word' id='word_1_192' title='bbox 115 2510 223 2590; x_wconf 88' lang='lat' dir='ltr'>ceute,</span> <span class='ocrx_word' id='word_1_193' title='bbox 245 2509 283 2570; x_wconf 88' lang='lat' dir='ltr'>ut</span> <span class='ocrx_word' id='word_1_194' title='bbox 300 2509 430 2570; x_wconf 90' lang='lat' dir='ltr'>centum</span> <span class='ocrx_word' id='word_1_195' title='bbox 447 2506 573 2570; x_wconf 90' lang='lat' dir='ltr'>nummi</span> <span class='ocrx_word' id='word_1_196' title='bbox 591 2505 835 2588; x_wconf 82' lang='lat' dir='ltr'>deducerentur3</span> <span class='ocrx_word' id='word_1_197' title='bbox 857 2506 992 2570; x_wconf 90' lang='lat' dir='ltr'>inventa</span> <span class='ocrx_word' id='word_1_198' title='bbox 1010 2510 1061 2570; x_wconf 86' lang='lat' dir='ltr'>est</span> <span class='ocrx_word' id='word_1_199' title='bbox 1079 2528 1129 2570; x_wconf 79' lang='lat' dir='ltr'>ra</span> 
     </span>
    </p>

    <p class='ocr_par' dir='ltr' id='par_1_14' title="bbox 1 2591 1128 2679">
     <span class='ocr_line' id='line_1_26' title="bbox 1 2591 1128 2679; baseline -0.002 -19"><span class='ocrx_word' id='word_1_200' title='bbox 1 2591 2 2610; x_wconf 61' lang='lat'>¹</span> <span class='ocrx_word' id='word_1_201' title='bbox 120 2595 177 2678; x_wconf 89' lang='lat' dir='ltr'>tio,</span> <span class='ocrx_word' id='word_1_202' title='bbox 195 2615 252 2660; x_wconf 90' lang='lat' dir='ltr'>cur</span> <span class='ocrx_word' id='word_1_203' title='bbox 269 2593 406 2679; x_wconf 83' lang='lat' dir='ltr'>pecunie</span> <span class='ocrx_word' id='word_1_204' title='bbox 424 2615 592 2659; x_wconf 85' lang='lat' dir='ltr'>sacrorum</span> <span class='ocrx_word' id='word_1_205' title='bbox 610 2594 762 2659; x_wconf 87' lang='lat' dir='ltr'>molestia</span> <span class='ocrx_word' id='word_1_206' title='bbox 779 2593 983 2660; x_wconf 87' lang='lat' dir='ltr'>liberaretur.</span> <span class='ocrx_word' id='word_1_207' title='bbox 1006 2593 1128 2669; x_wconf 80' lang='lat' dir='ltr'>Quodsi</span> 
     </span>
    </p>

    <p class='ocr_par' dir='ltr' id='par_1_15' title="bbox 121 2676 1128 2768">
     <span class='ocr_line' id='line_1_27' title="bbox 121 2676 1128 2768; baseline 0.001 -22"><span class='ocrx_word' id='word_1_208' title='bbox 121 2676 206 2766; x_wconf 82' lang='lat' dir='ltr'>hoc,</span> <span class='ocrx_word' id='word_1_209' title='bbox 227 2682 284 2768; x_wconf 90' lang='lat' dir='ltr'>qui</span> <span class='ocrx_word' id='word_1_210' title='bbox 310 2685 543 2748; x_wconf 89' lang='lat' dir='ltr'>testamentum</span> <span class='ocrx_word' id='word_1_211' title='bbox 565 2681 721 2764; x_wconf 78' lang='lat' dir='ltr'>faciebat,</span> <span class='ocrx_word' id='word_1_212' title='bbox 743 2702 856 2748; x_wconf 88' lang='lat' dir='ltr'>cavere</span> <span class='ocrx_word' id='word_1_213' title='bbox 882 2683 1052 2767; x_wconf 87' lang='lat' dir='ltr'>noluisset,</span> <span class='ocrx_word' id='word_1_214' title='bbox 1075 2683 1128 2748; x_wconf 94' lang='lat' dir='ltr'>ad·</span> 
     </span>
    </p>

    <p class='ocr_par' dir='ltr' id='par_1_16' title="bbox 120 2769 1129 2856">
     <span class='ocr_line' id='line_1_28' title="bbox 120 2769 1129 2856; baseline 0 -21"><span class='ocrx_word' id='word_1_215' title='bbox 120 2774 232 2836; x_wconf 88' lang='lat' dir='ltr'>monet</span> <span class='ocrx_word' id='word_1_216' title='bbox 259 2770 531 2835; x_wconf 88' lang='lat' dir='ltr'>iurisconsultus</span> <span class='ocrx_word' id='word_1_217' title='bbox 558 2770 612 2835; x_wconf 90' lang='lat' dir='ltr'>hic</span> <span class='ocrx_word' id='word_1_218' title='bbox 640 2770 769 2855; x_wconf 89' lang='lat' dir='ltr'>quidem</span> <span class='ocrx_word' id='word_1_219' title='bbox 796 2769 866 2855; x_wconf 80' lang='lat' dir='ltr'>ipre</span> <span class='ocrx_word' id='word_1_220' title='bbox 888 2769 1028 2855; x_wconf 88' lang='lat' dir='ltr'>Mucius,</span> <span class='ocrx_word' id='word_1_221' title='bbox 1050 2793 1129 2856; x_wconf 93' lang='lat' dir='ltr'>pon·</span> 
     </span>
    </p>

    <p class='ocr_par' dir='ltr' id='par_1_17' title="bbox 81 2857 1128 2944">
     <span class='ocr_line' id='line_1_29' title="bbox 81 2857 1128 2944; baseline 0.003 -23"><span class='ocrx_word' id='word_1_222' title='bbox 81 2879 108 2919; x_wconf 85' lang='lat' dir='ltr'>eo</span> <span class='ocrx_word' id='word_1_223' title='bbox 121 2858 202 2923; x_wconf 79' lang='lat' dir='ltr'>tifex</span> <span class='ocrx_word' id='word_1_224' title='bbox 224 2858 319 2942; x_wconf 92' lang='lat' dir='ltr'>idem,</span> <span class='ocrx_word' id='word_1_225' title='bbox 341 2861 379 2923; x_wconf 92' lang='lat' dir='ltr'>ut</span> <span class='ocrx_word' id='word_1_226' title='bbox 401 2859 508 2922; x_wconf 85' lang='lat' dir='ltr'>minus</span> <span class='ocrx_word' id='word_1_227' title='bbox 532 2858 649 2944; x_wconf 89' lang='lat' dir='ltr'>capiat,</span> <span class='ocrx_word' id='word_1_228' title='bbox 672 2881 770 2943; x_wconf 89' lang='lat' dir='ltr'>quam</span> <span class='ocrx_word' id='word_1_229' title='bbox 788 2857 937 2924; x_wconf 88' lang='lat' dir='ltr'>omnibus</span> <span class='ocrx_word' id='word_1_230' title='bbox 955 2859 1128 2925; x_wconf 88' lang='lat' dir='ltr'>heredibus</span> 
     </span>
    </p>

    <p class='ocr_par' dir='ltr' id='par_1_18' title="bbox 1 2945 1128 3032">
     <span class='ocr_line' id='line_1_30' title="bbox 1 2945 1128 3032; baseline 0.002 -22"><span class='ocrx_word' id='word_1_231' title='bbox 1 2987 2 2994; x_wconf 24' lang='grc' dir='ltr'><strong>κ</strong></span> <span class='ocrx_word' id='word_1_232' title='bbox 65 2977 70 2986; x_wconf 89' lang='grc'><em>·</em></span> <span class='ocrx_word' id='word_1_233' title='bbox 121 2947 341 3030; x_wconf 81' lang='lat' dir='ltr'>relinquatur3</span> <span class='ocrx_word' id='word_1_234' title='bbox 379 2967 476 3032; x_wconf 90' lang='lat' dir='ltr'>super</span> <span class='ocrx_word' id='word_1_235' title='bbox 515 2947 665 3012; x_wconf 88' lang='lat' dir='ltr'>dicebant</span> <span class='ocrx_word' id='word_1_236' title='bbox 701 2945 852 3031; x_wconf 90' lang='lat' dir='ltr'>quicquid</span> <span class='ocrx_word' id='word_1_237' title='bbox 884 2947 1036 3032; x_wconf 87' lang='lat' dir='ltr'>cepisset,</span> <span class='ocrx_word' id='word_1_238' title='bbox 1074 2947 1128 3012; x_wconf 88' lang='lat' dir='ltr'>ad·</span> 
     </span>
    </p>

    <p class='ocr_par' dir='ltr' id='par_1_19' title="bbox 122 3033 1129 3121">
     <span class='ocr_line' id='line_1_31' title="bbox 122 3033 1129 3121; baseline 0.002 -23"><span class='ocrx_word' id='word_1_239' title='bbox 122 3033 254 3120; x_wconf 80' lang='lat' dir='ltr'>stringi3</span> <span class='ocrx_word' id='word_1_240' title='bbox 271 3055 383 3098; x_wconf 87' lang='lat' dir='ltr'>rursus</span> <span class='ocrx_word' id='word_1_241' title='bbox 397 3035 497 3100; x_wconf 88' lang='lat' dir='ltr'>sacris</span> <span class='ocrx_word' id='word_1_242' title='bbox 511 3035 701 3100; x_wconf 88' lang='lat' dir='ltr'>liberantur.</span> <span class='ocrx_word' id='word_1_243' title='bbox 723 3034 795 3100; x_wconf 89' lang='lat' dir='ltr'>Hoc</span> <span class='ocrx_word' id='word_1_244' title='bbox 807 3056 885 3100; x_wconf 84' lang='lat' dir='ltr'>vero</span> <span class='ocrx_word' id='word_1_245' title='bbox 898 3035 982 3101; x_wconf 90' lang='lat' dir='ltr'>nihil</span> <span class='ocrx_word' id='word_1_246' title='bbox 996 3036 1038 3102; x_wconf 91' lang='lat' dir='ltr'>ad</span> <span class='ocrx_word' id='word_1_247' title='bbox 1050 3057 1129 3121; x_wconf 92' lang='lat' dir='ltr'>pon·</span> 
     </span>
    </p>

    <p class='ocr_par' dir='ltr' id='par_1_20' title="bbox 121 3121 1130 3208">
     <span class='ocr_line' id='line_1_32' title="bbox 121 3121 1130 3208; baseline 0.001 -21"><span class='ocrx_word' id='word_1_248' title='bbox 121 3122 257 3188; x_wconf 90' lang='lat' dir='ltr'>tificium</span> <span class='ocrx_word' id='word_1_249' title='bbox 282 3121 334 3187; x_wconf 91' lang='lat' dir='ltr'>ius</span> <span class='ocrx_word' id='word_1_250' title='bbox 358 3126 390 3186; x_wconf 92' lang='lat' dir='ltr'>et</span> <span class='ocrx_word' id='word_1_251' title='bbox 414 3144 431 3187; x_wconf 92' lang='lat' dir='ltr'>e</span> <span class='ocrx_word' id='word_1_252' title='bbox 453 3122 560 3188; x_wconf 91' lang='lat' dir='ltr'>medio</span> <span class='ocrx_word' id='word_1_253' title='bbox 583 3127 633 3188; x_wconf 93' lang='lat' dir='ltr'>est</span> <span class='ocrx_word' id='word_1_254' title='bbox 655 3123 725 3187; x_wconf 90' lang='lat' dir='ltr'>iure</span> <span class='ocrx_word' id='word_1_255' title='bbox 748 3123 849 3206; x_wconf 86' lang='lat' dir='ltr'>civili,</span> <span class='ocrx_word' id='word_1_256' title='bbox 876 3127 915 3188; x_wconf 90' lang='lat' dir='ltr'>ut</span> <span class='ocrx_word' id='word_1_257' title='bbox 936 3145 995 3208; x_wconf 91' lang='lat' dir='ltr'>per</span> <span class='ocrx_word' id='word_1_258' title='bbox 1018 3145 1072 3188; x_wconf 88' lang='lat' dir='ltr'>aes</span> <span class='ocrx_word' id='word_1_259' title='bbox 1096 3127 1130 3188; x_wconf 89' lang='lat' dir='ltr'>et</span> 
     </span>
    </p>

    <p class='ocr_par' dir='ltr' id='par_1_21' title="bbox 121 3209 1128 3277">
     <span class='ocr_line' id='line_1_33' title="bbox 121 3209 1128 3277; baseline 0.002 -2"><span class='ocrx_word' id='word_1_260' title='bbox 121 3211 240 3276; x_wconf 87' lang='lat' dir='ltr'>libram</span> <span class='ocrx_word' id='word_1_261' title='bbox 262 3209 414 3276; x_wconf 87' lang='lat' dir='ltr'>heredem</span> <span class='ocrx_word' id='word_1_262' title='bbox 436 3211 626 3276; x_wconf 89' lang='lat' dir='ltr'>testamenti</span> <span class='ocrx_word' id='word_1_263' title='bbox 649 3212 780 3277; x_wconf 75' lang='lat' dir='ltr'>solvant</span> <span class='ocrx_word' id='word_1_264' title='bbox 803 3216 836 3276; x_wconf 87' lang='lat' dir='ltr'>et</span> <span class='ocrx_word' id='word_1_265' title='bbox 854 3211 967 3277; x_wconf 88' lang='lat' dir='ltr'>eodem</span> <span class='ocrx_word' id='word_1_266' title='bbox 986 3213 1058 3277; x_wconf 91' lang='lat' dir='ltr'>loco</span> <span class='ocrx_word' id='word_1_267' title='bbox 1076 3234 1128 3277; x_wconf 89' lang='lat' dir='ltr'>res</span> 
     </span>
    </p>

    <p class='ocr_par' dir='ltr' id='par_1_22' title="bbox 1 3299 1139 3387">
     <span class='ocr_line' id='line_1_34' title="bbox 1 3299 1139 3387; baseline 0.005 -27"><span class='ocrx_word' id='word_1_268' title='bbox 1 3317 2 3348; x_wconf 58' lang='lat' dir='ltr'>l</span> <span class='ocrx_word' id='word_1_269' title='bbox 83 3319 108 3360; x_wconf 84' lang='lat' dir='ltr'>as</span> <span class='ocrx_word' id='word_1_270' title='bbox 122 3299 175 3384; x_wconf 91' lang='lat' dir='ltr'>sit,</span> <span class='ocrx_word' id='word_1_271' title='bbox 198 3299 292 3384; x_wconf 87' lang='lat' dir='ltr'>quasi</span> <span class='ocrx_word' id='word_1_272' title='bbox 313 3319 352 3363; x_wconf 90' lang='lat' dir='ltr'>ea</span> <span class='ocrx_word' id='word_1_273' title='bbox 373 3299 510 3385; x_wconf 89' lang='lat' dir='ltr'>pecunia</span> <span class='ocrx_word' id='word_1_274' title='bbox 531 3300 643 3385; x_wconf 78' lang='lat' dir='ltr'>legata</span> <span class='ocrx_word' id='word_1_275' title='bbox 662 3321 729 3365; x_wconf 94' lang='lat' dir='ltr'>non</span> <span class='ocrx_word' id='word_1_276' title='bbox 746 3303 842 3384; x_wconf 90' lang='lat' dir='ltr'>esset,</span> <span class='ocrx_word' id='word_1_277' title='bbox 865 3299 950 3385; x_wconf 91' lang='lat' dir='ltr'>siis,</span> <span class='ocrx_word' id='word_1_278' title='bbox 972 3301 1024 3366; x_wconf 88' lang='lat' dir='ltr'>eui</span> <span class='ocrx_word' id='word_1_279' title='bbox 1042 3301 1139 3387; x_wconf 76' lang='lat' dir='ltr'>lege·</span> 
     </span>
    </p>

    <p class='ocr_par' dir='ltr' id='par_1_23' title="bbox 120 3387 1129 3475">
     <span class='ocr_line' id='line_1_35' title="bbox 120 3387 1129 3475; baseline -0.002 -21"><span class='ocrx_word' id='word_1_280' title='bbox 120 3393 192 3454; x_wconf 88' lang='lat' dir='ltr'>tum</span> <span class='ocrx_word' id='word_1_281' title='bbox 210 3391 270 3472; x_wconf 88' lang='lat' dir='ltr'>est,</span> <span class='ocrx_word' id='word_1_282' title='bbox 292 3387 469 3473; x_wconf 82' lang='lat' dir='ltr'>stipulatus</span> <span class='ocrx_word' id='word_1_283' title='bbox 488 3387 589 3452; x_wconf 91' lang='lat' dir='ltr'>estid</span> <span class='ocrx_word' id='word_1_284' title='bbox 606 3388 723 3472; x_wconf 89' lang='lat' dir='ltr'>ipsum,</span> <span class='ocrx_word' id='word_1_285' title='bbox 747 3389 833 3473; x_wconf 90' lang='lat' dir='ltr'>quod</span> <span class='ocrx_word' id='word_1_286' title='bbox 850 3389 996 3475; x_wconf 79' lang='lat' dir='ltr'>legatum</span> <span class='ocrx_word' id='word_1_287' title='bbox 1015 3393 1074 3474; x_wconf 91' lang='lat' dir='ltr'>est,</span> <span class='ocrx_word' id='word_1_288' title='bbox 1092 3392 1129 3454; x_wconf 91' lang='lat' dir='ltr'>ut</span> 
     </span>
    </p>

    <p class='ocr_par' dir='ltr' id='par_1_24' title="bbox 121 3475 1129 3564">
     <span class='ocr_line' id='line_1_36' title="bbox 121 3475 1129 3564; baseline 0.001 -22"><span class='ocrx_word' id='word_1_289' title='bbox 121 3497 160 3542; x_wconf 87' lang='lat' dir='ltr'>aa</span> <span class='ocrx_word' id='word_1_290' title='bbox 176 3475 313 3564; x_wconf 89' lang='lat' dir='ltr'>pecunia</span> <span class='ocrx_word' id='word_1_291' title='bbox 332 3498 371 3541; x_wconf 84' lang='lat' dir='ltr'>ex</span> <span class='ocrx_word' id='word_1_292' title='bbox 389 3475 601 3561; x_wconf 89' lang='lat' dir='ltr'>stipulatione</span> <span class='ocrx_word' id='word_1_293' title='bbox 620 3476 785 3561; x_wconf 89' lang='lat' dir='ltr'>debeatur,</span> <span class='ocrx_word' id='word_1_294' title='bbox 802 3477 910 3562; x_wconf 85' lang='lat' dir='ltr'>sitque</span> <span class='ocrx_word' id='word_1_295' title='bbox 928 3499 967 3543; x_wconf 89' lang='lat' dir='ltr'>ea</span> <span class='ocrx_word' id='word_1_296' title='bbox 983 3499 1050 3543; x_wconf 90' lang='lat' dir='ltr'>non</span> <span class='ocrx_word' id='word_1_297' title='bbox 1062 3527 1069 3542; x_wconf 93' lang='lat'><strong>.</strong></span> <span class='ocrx_word' id='word_1_298' title='bbox 1082 3527 1089 3541; x_wconf 91' lang='lat'><strong>.</strong></span> <span class='ocrx_word' id='word_1_299' title='bbox 1102 3525 1129 3543; x_wconf 88' lang='lat'>..</span> 
     </span>
    </p>
   </div>
   <div class='ocr_carea' id='block_1_3' title="bbox 0 0 1294 3874">
    <p class='ocr_par' dir='ltr' id='par_1_25' title="bbox 0 0 1294 3874">
     <span class='ocr_line' id='line_1_37' title="bbox 0 0 1294 3874; baseline 0 0"><span class='ocrx_word' id='word_1_300' title='bbox 0 0 1294 3874; x_wconf 95' lang='lat' dir='ltr'> </span> 
     </span>
    </p>
   </div>
  </div>
 </body>
</html>
