2578 3874
160 147 226 212 396
552 146 601 201 DE
620 145 776 201 LEGIBUS
868 169 870 174 ’

159 289 366 375 prohibendi3
387 313 488 377 quam
507 290 563 375 qui
579 291 721 376 ignorat,
743 290 772 356 is
790 294 842 356 est
859 290 1010 374 iniustus,
1032 289 1103 355 sive
1122 292 1172 354 est

158 378 219 444 illa
250 378 374 464 scripta
403 379 533 464 uspiam
569 380 637 444 sive
669 401 841 463 nusquam.
889 377 1012 454 Quodsi
1042 377 1173 442 iustitia

159 470 211 532 est
231 467 470 552 obtemperatio
495 467 625 552 scriptis
646 467 774 554 legibus
793 467 1018 551 institutisque
1036 466 1173 551 populo-

158 577 240 640 rm,
264 559 298 620 et
320 555 358 639 si,
379 559 418 620 ut
439 555 544 620 eidem
567 555 686 640 dieunt,
708 555 853 621 utilitate
876 555 986 620 omnia
1008 553 1174 619 metienda

159 647 248 728 sunt,
272 646 428 730 negleget
449 645 539 729 leges
562 665 681 728 easque
702 647 905 729 perrumpet,
928 643 957 708 si
979 643 1111 728 poterit,
1134 642 1200 725 iae

158 731 215 816 qui
238 731 302 796 sibi
325 754 396 796 eam
419 753 489 796 rem
510 730 714 797 fructuosam
731 732 863 816 putabit
879 731 959 797 fore.
994 729 1048 796 lta
1066 731 1114 814 fit,
1134 734 1174 794 ut

157 819 250 884 nulla
276 820 320 884 sit
339 820 470 885 omnino
488 820 624 904 iustitia,
643 821 672 885 si
689 841 794 904 neque
811 824 931 885 natura
949 823 1008 903 est,
1031 841 1070 884 ea
1088 840 1174 902 quae

157 911 293 992 propter
323 908 502 973 utilitatem
530 908 755 992 constituitur,
784 912 814 972 et
845 908 990 973 utilitate
1014 907 1075 971 illa
1097 928 1173 972 con-

107 1009 140 1059 le
158 997 300 1061 vellitur.
341 995 464 1080 Atque,
490 997 519 1061 si
539 1001 659 1062 natura
681 996 914 1062 confirmatura
936 996 988 1060 ius
1010 1016 1077 1060 non
1099 994 1174 1078 erit,
1278 1067 1279 1070 Ἴ

157 1086 284 1149 artatas
305 1105 408 1150 omnes
429 1084 602 1169 tollentur,
628 1084 686 1149 ubi
708 1084 795 1150 enim
817 1085 1015 1168 liberalitas,
1035 1083 1094 1148 ubi
1116 1101 1215 1168 pa-1e

158 1171 242 1236 triae
273 1172 407 1255 caritas,
438 1172 496 1237 ubi
526 1173 647 1257 pietas,
678 1173 735 1238 ubi
765 1176 823 1238 aut
850 1174 932 1238 bene
959 1171 1105 1236 merendi
1132 1171 1173 1235 de

159 1260 264 1325 altero
282 1263 341 1325 aut
358 1260 543 1326 referendae
563 1261 689 1347 gratiae
706 1261 860 1326 voluntas
874 1261 997 1347 poterit
1010 1259 1173 1324 existere?

157 1370 236 1412 nam
259 1348 340 1413 haee
361 1353 540 1414 nascuntur
563 1371 601 1413 ex
624 1371 676 1433 eo,
704 1349 781 1433 quia
802 1353 922 1414 natura
944 1349 1099 1434 propensi
1121 1369 1174 1413 su-

160 1458 233 1501 mus
257 1436 299 1500 ad
321 1436 504 1523 diligendos
527 1437 688 1520 homines,
712 1437 798 1521 quod
820 1437 1068 1502 fundamentum
1091 1436 1172 1502 iuris

161 1529 220 1589 est.
259 1522 374 1608 Neque
398 1526 504 1590 solum
526 1526 562 1590 in
584 1524 732 1590 homines
756 1527 921 1610 obsequia,
944 1525 1119 1590 sedetiam
1137 1525 1174 1588 in
1188 1541 1216 1582 1⁵

161 1612 237 1678 deos
270 1613 484 1678 caerimoniae
517 1613 756 1700 religionesque
787 1614 964 1697 tolluntur,
995 1635 1076 1698 quas
1105 1634 1174 1678 non

159 1705 259 1784 metu,
282 1701 339 1765 sed
361 1723 400 1766 ea
421 1701 656 1786 coniunctione,
680 1723 763 1786 quae
785 1706 837 1768 est
858 1702 984 1768 homini
1006 1724 1079 1767 eum
1103 1701 1174 1785 deo,

110 1789 397 1855 16conservandas
420 1793 511 1875 puto.
547 1789 669 1864 Quodsi
690 1792 888 1875 populorum
907 1791 1014 1873 iussis,
1038 1790 1067 1854 si
1084 1789 1174 1874 prin-

160 1877 268 1962 cipum
287 1877 434 1962 decretis,
453 1879 482 1942 si
501 1879 671 1942 sententiis
688 1879 829 1944 iudicum
848 1879 920 1944 iura
938 1877 1174 1944 constitueren-

159 1969 227 2049 tur,
257 1965 308 2029 ius
338 1969 426 2030 esset
454 1966 657 2050 latrocinari,
685 1967 737 2032 ius
767 1968 965 2052 adulterare,
993 1967 1045 2031 ius
1072 1970 1173 2030 testa·
1187 1983 1216 2024 ao

159 2057 272 2118 menta
299 2052 384 2117 falsa
413 2075 609 2140 supponere,
639 2055 668 2119 si
693 2055 774 2120 haec
802 2055 967 2141 suffragiis
995 2058 1053 2120 aut
1079 2053 1173 2119 scitis

108 2155 142 2204 44
161 2141 379 2206 multitudinis
401 2143 627 2227 probarentur.
667 2141 758 2218 Quae
781 2144 810 2208 si
832 2147 927 2208 tanta
948 2146 1097 2228 potestas
1121 2146 1174 2208 est

160 2232 336 2296 stultorum
360 2231 530 2295 sententiis
554 2234 653 2314 atque
675 2232 788 2315 iussis,
810 2235 849 2296 ut
871 2253 984 2296 eorum
1007 2231 1173 2316 suffragiis

159 2341 268 2384 rerum
297 2321 416 2383 natura
442 2322 603 2404 vertatur,
633 2342 690 2384 eur
716 2341 783 2384 non
812 2320 975 2404 sanciunt,
1005 2323 1056 2404 ut,
1088 2341 1173 2403 quae

160 2407 248 2472 mala
274 2406 520 2492 pernicioseque
543 2411 633 2492 sunt,
659 2407 842 2472 habeantur
863 2430 924 2493 pro
947 2408 1042 2473 bonis
1066 2410 1100 2471 et
1122 2428 1173 2472 sa·
1187 2423 1215 2464 2⁵

159 2495 344 2560 luteribus?
376 2499 433 2560 aut
455 2495 601 2575 querius
629 2517 668 2560 ex
694 2495 814 2560 iniuria
843 2495 896 2561 lex
922 2496 1028 2562 facere
1055 2496 1173 2580 possit,

159 2585 282 2649 bonum
304 2583 417 2649 eadem
438 2583 545 2649 facere
567 2605 633 2648 non
655 2584 763 2667 possit
784 2606 823 2648 ex
845 2584 956 2649 malo?
984 2583 1088 2668 Atqui
1109 2605 1173 2649 nos

159 2673 267 2759 legem
294 2671 415 2736 bonam
443 2694 463 2736 a
489 2671 577 2736 mala
602 2672 695 2736 nulla
722 2671 789 2737 alia
809 2672 875 2736 nisi
896 2676 1034 2738 naturae
1055 2693 1174 2737 norma

160 2760 302 2825 dividere
328 2781 516 2844 possumus;
546 2780 606 2824 nec
633 2761 741 2824 solum
767 2761 819 2825 ius
847 2764 881 2824 et
906 2761 1027 2825 iniuria
1052 2764 1173 2825 natura

160 2848 364 2932 diiudicatur,
386 2849 442 2912 sed
462 2848 593 2912 omnino
613 2848 722 2912 omnia
739 2848 879 2914 honesta
897 2852 932 2913 et
948 2848 1070 2933 turpia3
1092 2869 1172 2913 nam
1187 2865 1214 2906 ω

159 2940 197 3001 ut
220 2936 400 3002 communis
422 2936 650 3024 intellegentia
671 2937 767 3001 nobis
789 2940 886 3002 notas
908 2957 960 3002 res
984 2936 1086 3002 efficit
1103 2957 1173 3000 eas-

161 3047 223 3109 que
252 3025 288 3090 in
317 3024 434 3089 animis
463 3025 585 3089 nostris
612 3024 793 3110 inchoavit,
823 3024 961 3090 honesta
987 3025 1023 3089 in
1049 3024 1172 3090 virtute

108 3116 339 3197 seponuntur,
364 3112 401 3177 in
426 3113 517 3177 vitiis
543 3113 666 3198 turpia3
694 3134 732 3177 ea
755 3116 865 3178 autem
886 3113 922 3179 in
943 3112 1096 3199 opinione
1118 3133 1172 3177 ex·

159 3201 321 3283 istimare,
351 3222 418 3266 non
448 3201 484 3265 in
509 3205 629 3266 natura
654 3200 764 3286 posita
792 3201 951 3266 dementis
979 3204 1038 3266 est.
1082 3199 1172 3265 Nam

158 3309 218 3354 nee
240 3287 368 3352 arboris
390 3310 450 3354 nec
473 3289 548 3374 equi
570 3289 684 3372 virtus,
707 3311 790 3373 quae
809 3290 935 3374 dieitur,
956 3289 1075 3373 inquo
1093 3289 1212 3354 abu-⁸⁵

159 3375 260 3438 timur
291 3375 435 3459 nomine,
466 3376 502 3440 in
528 3377 680 3460 opinione
707 3377 773 3441 sita
798 3381 862 3461 est,
894 3377 952 3442 sed
978 3377 1013 3442 in
1037 3379 1172 3460 natura3

160 3461 247 3546 quod
279 3461 308 3524 si
338 3461 386 3526 ita
418 3466 481 3546 est,
512 3463 652 3528 honesta
683 3486 811 3548 quoque
843 3469 877 3528 et
910 3465 1021 3550 turpia
1051 3467 1171 3530 natura
