2578 3874
192 210 261 266 LIB.
280 209 315 265 II.
340 209 418 264 CAP.
437 215 480 276 26,
500 214 543 263 27.
562 214 577 274 ς
597 215 711 278 64-69,
734 207 801 262 LIB.
819 209 868 262 Ill.
886 207 1024 263 ARGUM.
1052 209 1114 271 43}

100 354 318 438 sepulchrum
338 352 446 435 altius,
465 374 562 438 quam
582 352 667 437 quod
684 354 817 435 quinque
830 353 965 418 homines
979 353 1121 438 quinque

101 443 224 508 diebus
247 442 462 526 absolverint,
484 463 544 507 nec
567 463 584 506 e
607 441 715 526 lapide
738 441 873 507 excitari
894 442 969 527 plus
992 442 1120 506 necin·

1 528 2 533 ’
101 531 202 617 poni,
234 552 333 615 quam
365 531 451 614 quod
477 529 586 614 capiat
612 529 741 595 laudem
769 530 891 596 mortui
917 529 1053 596 incisam
1079 551 1120 594 ne

102 620 184 705 plus
209 623 364 703 quattuor
386 617 495 683 herois
517 617 678 701 versibus,
702 639 783 702 quos
808 617 950 705 ‘longos'
974 619 1120 703 appellat

76 707 244 773 aEnnius.
288 705 456 771 Habemus
484 705 586 792 igitur
612 706 708 771 huius
737 728 865 791 quoque
893 707 1121 772 auctoritatem

67 793 70 798 ’
107 796 148 860 de
168 795 349 880 sepulchris
369 794 488 861 summi
505 794 576 878 viri,
594 816 614 859 a
633 816 696 878 quo
714 794 794 859 item
806 795 957 860 funerum
970 798 1120 880 sumptus

106 884 303 971 praefinitur
326 905 365 948 ex
387 882 537 948 censibus
560 905 581 947 a
602 883 700 947 minis
723 883 865 968 quinque
883 905 985 968 usque
1004 883 1045 947 ad
1063 884 1121 948 mi·

106 995 198 1038 nam.
233 971 394 1057 Deinceps
418 971 497 1036 dicit
519 971 631 1035 eadem
653 971 714 1036 illa
736 971 775 1036 de
797 971 1036 1037 inmortalitate
1055 971 1121 1036 ani·
1150 1023 1152 1028 .

109 1083 240 1126 morum
270 1064 303 1124 et
331 1060 458 1144 reliqua
484 1062 561 1144 post
587 1063 728 1124 mortem
754 1060 995 1145 tranquillitate
1023 1060 1122 1125 bono-
1149 1065 1152 1074 ’

67 1170 95 1210 ιο
108 1171 194 1231 rum,
216 1147 329 1233 poenis
351 1148 535 1232 impiorum.
1140 1163 1176 1214 aa

178 1235 317 1302 Habetis
339 1236 443 1323 igitur
466 1234 663 1322 explicatum
685 1258 823 1321 omnem,
845 1239 882 1302 ut
901 1236 1052 1320 arbitror,
1075 1259 1122 1302 re

110 1325 271 1410 ligionum
293 1326 410 1391 locum.
455 1330 488 1405 Q.
511 1323 581 1390 Nos
604 1347 691 1409 vero,
712 1325 823 1408 frater,
846 1329 880 1389 et
903 1325 1031 1410 copiose
1055 1325 1123 1409 qui-

113 1415 201 1498 dem3
223 1413 279 1478 sed
297 1435 397 1500 perge
416 1417 531 1478 cetera.
567 1414 616 1478 M.
633 1411 774 1499 Pergam
793 1413 940 1498 equidem
958 1416 1001 1496 et,
1024 1435 1123 1498 quon·

112 1504 179 1568 iam
201 1502 332 1567 libitum
357 1504 407 1567 est
429 1501 523 1566 vobis
546 1522 598 1567 me
621 1501 760 1566 adhaec
778 1500 943 1586 inpellere,
965 1501 1122 1567 hodierno

72 1613 99 1653 n
114 1611 261 1656 sermone
284 1590 465 1673 conficiam,
493 1611 602 1675 spero,
629 1589 692 1656 hoo
712 1591 905 1676 praesertim
933 1589 997 1673 die3
1028 1589 1122 1656 video

114 1679 201 1744 enim
231 1677 404 1744 Platonem
434 1679 521 1743 idem
551 1677 681 1762 fecisse,
715 1699 908 1762 omnemque
941 1677 1123 1743 orationem

115 1768 183 1832 eius
206 1765 245 1832 de
267 1767 396 1852 legibus
417 1771 605 1853 peroratam
628 1787 699 1832 esse
721 1787 785 1830 uno
813 1765 937 1831 aestivo
965 1766 1024 1832 die.
1069 1765 1122 1833 Sic

114 1855 215 1942 igitur
236 1854 355 1920 faciam
378 1859 412 1919 ct
434 1855 539 1925 dicam
562 1855 600 1919 de
623 1855 885 1940 magistratibus3
907 1854 941 1918 id
964 1854 1050 1920 enim
1073 1859 1123 1920 est

115 1943 270 2030 profecto,
293 1943 381 2027 quod
402 1945 581 2010 constituta
603 1942 762 2030 religione
780 1942 1031 2029 rempublicam
1050 1965 1123 2009 con·

74 2033 218 2097 sotineat
240 2032 388 2096 maxime.
431 2035 506 2098 Arn
529 2031 579 2096 Tu
601 2053 679 2096 vero
701 2031 752 2098 dic
775 2035 809 2096 et
830 2031 930 2096 istam
952 2031 1124 2117 rationem,

1 2209 2 2256 1
117 2143 213 2206 quam
236 2120 381 2205 coepisti,
403 2124 486 2186 tene.

512 2317 724 2327 --————

364 2457 410 2531 Μ.
439 2457 599 2531 nonan
627 2459 874 2532 oronnonrs

301 2615 349 2712 D
376 2614 418 2712 E
496 2615 537 2713 L
564 2617 606 2714 E
634 2616 681 2714 G
706 2617 733 2714 I
760 2618 802 2714 B
828 2617 876 2718 U
903 2614 938 2715 S

433 2793 574 2854 LIBER
600 2795 808 2856 TERTIUS.

473 3058 766 3121 ARGUMENTUM.

188 3187 238 3243 Dis
261 3189 466 3246 immortalibus
489 3191 610 3262 proximi
632 3194 663 3247 et
685 3192 824 3262 dignitate
847 3194 877 3248 et
897 3193 1039 3317 potestate
1059 3195 1125 3248 sunt

122 3260 306 3331 magistratus.
338 3264 437 3331 ltaque
455 3264 609 3318 constituta
625 3263 763 3333 religione
783 3263 880 3318 statim
921 3264 993 3319 icero
1012 3264 1123 3318 dama

123 3331 282 3402 gistratibus
301 3333 380 3403 leges
394 3333 493 3388 eodem
505 3335 589 3389 modo
602 3333 746 3405 prooemio
762 3336 791 3388 et
805 3333 991 3404 explicatione
1004 3335 1123 3390 adiectis

123 3401 246 3470 subiecit,
266 3403 366 3471 quibus
385 3419 609 3475 eorumgenere,
628 3406 755 3474 potestas
773 3403 975 3476 imperiumque
990 3405 1118 3460 definiun-

122 3475 170 3528 tur.
202 3475 246 3528 Ita
268 3477 362 3528 autern
386 3474 527 3544 sapienter
548 3491 566 3529 a
588 3475 740 3530 maioribus
763 3475 826 3531 tota
847 3475 917 3530 haec
936 3475 976 3530 rei
1013 3476 1123 3530 ublicae

122 3560 183 3615 pars
201 3545 356 3600 constituta
373 3545 530 3612 videbatur,
548 3548 581 3601 ut
598 3563 655 3600 nou
672 3546 792 3601 multum
809 3547 839 3602 in
853 3564 887 3602 ea
899 3495 1060 3603 novariam
1073 3564 1122 3617 pu·
