2578 3874
209 149 276 214 354
574 147 623 201 uu
642 149 690 202 un
707 147 864 203 eunuco

208 293 288 378 quin
314 292 416 358 emori
442 293 538 357 malit
566 314 667 376 quam
689 292 834 358 converti
854 291 891 356 in
913 291 1056 376 aliquam
1079 290 1222 377 figuram

208 381 342 463 bestiae,
362 380 510 465 quamuis
524 380 666 445 hominis
680 383 823 445 mentem
836 379 881 444 sit
894 380 1075 464 habiturus,
1095 385 1221 464 quanto

209 474 260 534 est
290 469 438 533 miserius
468 468 503 532 in
532 468 673 533 hominis
700 469 807 554 figura
834 467 942 533 animo
971 490 1040 533 esse
1069 469 1222 532 efferatol

207 557 289 622 Mihi
318 557 447 641 quidem
473 559 568 621 tanto
594 556 735 641 ridetur,
764 559 887 640 quanto
913 556 1146 642 praestabilior
1169 560 1222 621 est

208 646 336 710 animus
359 666 502 729 corpore.
538 643 739 727 (Lactantius
760 646 831 709 inst.
854 646 915 709 dio.
944 645 976 711 V
993 651 1041 708 11.
1064 645 1112 727 2)
1234 661 1247 702 ⁵

273 735 332 798 Ait
356 734 489 815 quodam
516 733 578 798 toro
603 733 726 797 Tullius
752 753 787 796 se
809 753 876 796 non
896 736 1014 818 putare
1036 732 1124 796 idem
1146 753 1221 797 esse

207 821 320 888 arietis
348 824 381 886 et
402 819 438 885 P.
461 819 609 886 Africani
635 821 766 885 bonum.
805 819 1016 903 (Aupastious
1037 826 1146 885 contro
1163 821 1220 885 Iu

208 912 285 976 tion.
306 909 411 991 Peloy.
433 909 493 974 IV
508 914 560 975 12.
582 912 624 974 59
648 910 684 972 Τ.
706 909 743 973 Χ
758 929 791 989 p.
814 913 879 974 612
900 907 996 991 Beo.)

273 999 321 1063 M.
336 998 458 1062 Tullius
471 999 507 1062 de
518 1018 552 1061 rc
559 997 644 1078 publ.
658 997 709 1061 lib.
722 997 747 1060 Ι
749 996 791 1060 V:
815 997 990 1081 eademque
1009 996 1139 1061 obiectu
1157 1018 1220 1062 suo

206 1087 358 1152 umbram
379 1088 571 1168 noctemque
595 1084 715 1150 efficiat
738 1106 810 1149 cum
834 1085 875 1150 ad
896 1107 1067 1150 numerum
1091 1085 1220 1150 dierum
1234 1103 1259 1142 1⁰

206 1178 329 1260 aptam,
354 1177 426 1237 tum
450 1173 490 1238 ad
513 1173 662 1238 laborum
687 1172 836 1256 quietem.
881 1173 1127 1256 (Napeae
1150 1175 1221 1257 12.)

273 1263 322 1328 Μ.
346 1263 470 1327 Tullius
496 1263 532 1327 de
558 1282 592 1326 re
607 1262 694 1344 publ.
717 1261 767 1326 uu
790 1261 863 1325 IV:
892 1259 1036 1345 Cumque
1060 1264 1219 1326 autumno

207 1355 295 1416 terra
318 1372 352 1415 se
377 1350 418 1415 ad
440 1350 666 1435 concipiendas
687 1349 799 1433 fruges
822 1348 1023 1433 patefecerit,
1045 1350 1152 1414 hieme
1178 1349 1221 1414 ad

207 1438 470 1523 'sconoipiendas
493 1437 657 1521 relaxarit,
683 1437 808 1502 aestiva
830 1438 1021 1502 maturitate
1044 1439 1110 1503 alia
1132 1438 1220 1502 miti·

209 1527 345 1613 gaverit,
368 1526 433 1592 alia
455 1526 620 1591 torruerit.
657 1525 941 1608 (Nouiusp.343.
964 1526 1030 1610 18.)
1234 1542 1257 1583 1⁵

274 1616 322 1680 M.
347 1615 470 1679 Mettius
496 1616 533 1679 de
557 1635 592 1678 rc
611 1613 697 1696 publ.
725 1613 775 1678 lib.
797 1614 823 1678 Ι
824 1614 867 1678 V:
898 1637 972 1679 oum
1000 1613 1158 1679 adhibent
1185 1615 1221 1678 in

166 1761 190 1824 ,2
207 1703 332 1788 pecuda
353 1705 511 1787 pastores.
549 1702 686 1778 (Nonius
702 1723 737 1783 p.
759 1703 917 1785 159.13.)

173 1819 235 1886 2ρ.
256 1793 320 1870 111]
396 1789 634 1876 ...gratiam
680 1788 784 1864 Quam
815 1790 981 1856 commode
1015 1789 1145 1856 ordines
1174 1791 1220 1855 di-

209 1877 336 1962 scripti,
366 1882 505 1962 aetates,
535 1878 670 1960 classes,
699 1878 877 1962 equitatuS,
906 1878 942 1943 in
969 1900 1032 1963 quo
1061 1879 1221 1965 suffragia

209 1971 286 2030 sunt
318 1966 417 2030 etiam
450 1969 594 2048 senatus,
629 1964 726 2028 nimis
758 1966 871 2030 multis
903 1966 970 2030 iam
1001 1967 1103 2032 stulte
1134 1968 1221 2033 hano
1234 1985 1258 2024 2⁰

209 2055 388 2118 utilitatem
419 2055 494 2118 tolli
526 2053 743 2137 cupientibus,
775 2054 831 2138 qui
862 2076 981 2119 novam
1008 2055 1221 2140 largitionem

169 2201 189 2264 3
210 2144 370 2226 quaerunt
392 2142 503 2224 aliquo
525 2140 634 2226 plebei
657 2141 739 2209 scito
762 2142 997 2208 reddendorum
1020 2164 1189 2227 equorum.

173 2280 190 2325 3
276 2229 485 2295 Considerate
503 2251 597 2312 nuno,
615 2234 722 2294 cetera
741 2252 838 2314 quam
857 2230 924 2295 sint
940 2232 1074 2316 provisa
1093 2233 1221 2316 sapien·

207 2323 259 2384 ter
282 2319 323 2384 ad
345 2317 438 2381 illam
461 2316 579 2382 civium
602 2318 696 2382 beate
720 2321 752 2382 et
774 2317 911 2382 honeste
933 2319 1062 2384 vivendi
1084 2321 1221 2386 sociata

208 2435 235 2486 p.
256 2409 321 2488 112]
345 2410 427 2489 tem3
450 2427 488 2469 ea
511 2409 561 2469 est
584 2405 669 2469 enim
690 2403 694 2487 Ι
715 2405 821 2491 prima
844 2428 942 2471 causa
963 2408 1109 2491 coeundi,
1132 2413 1168 2472 et
1185 2409 1220 2473 id
1233 2423 1257 2464 2⁵

208 2494 395 2559 hominibus
419 2493 503 2559 effici
527 2515 564 2558 ex
587 2515 622 2557 re
644 2494 775 2579 publica
794 2494 890 2559 debet
907 2495 1030 2579 partim
1047 2495 1221 2581 institutis,

209 2584 275 2648 alia
297 2582 435 2668 legibus.
471 2581 635 2666 Principio
659 2582 863 2666 disciplinam
881 2584 1040 2667 puerilem
1057 2583 1221 2670 ingenuis,

209 2669 248 2736 de
277 2694 340 2755 qua
359 2669 475 2735 Graeci
501 2670 641 2734 multum
662 2668 787 2735 frustra
809 2663 1013 2754 laborarunt,
1040 2672 1131 2736 etin
1155 2695 1221 2758 qua

209 2783 273 2824 una
296 2758 452 2843 Polybius
485 2763 597 2823 noster
628 2758 747 2843 hospes
778 2763 967 2824 nostrorum
989 2759 1219 2826 institutorum

209 2847 449 2933 neglegentiam
476 2849 619 2929 accusat,
646 2847 771 2910 nullam
794 2850 916 2911 certam
940 2850 998 2911 aut
1020 2848 1220 2914 destinatam
1233 2865 1257 2904 ³⁰

209 2936 338 3020 legibus
361 2939 418 2999 aut
440 2935 568 3019 publice
592 2935 772 3018 expositam
792 2938 848 2998 aut
866 2957 964 3001 unam
983 2937 1129 3001 omnium
1148 2959 1220 3003 esse

208 3024 389 3087 voluerunt.
426 3021 594 3087 Nam.

331 3163 571 3244 [Desideratum
586 3165 723 3246 popinae
744 3164 910 3228 minimum
932 3165 1099 3247 quattuor]

276 3285 450 3351 Secundum
475 3285 627 3364 Tullium,
654 3287 708 3366 qui
729 3288 805 3352 dicit
826 3286 867 3350 ad
889 3287 1042 3352 militiam
1066 3289 1218 3354 euntibus
1273 3365 1274 3372 ἵ

211 3370 281 3436 dari
308 3371 423 3437 solitos
452 3393 522 3437 esse
549 3375 711 3458 custodes,
740 3397 760 3438 a
787 3374 903 3458 quibus
931 3376 1037 3461 primo
1061 3397 1218 3442 armore

211 3463 339 3542 gantur.
376 3460 516 3542 (Seruius
538 3462 581 3525 ad
607 3462 692 3541 Verp.
715 3462 793 3526 Aen.
822 3463 853 3527 V
869 3465 956 3544 546.)
1231 3480 1274 3556 as¹
