2630 3890
173 127 239 192 206
432 127 437 139 ’
520 123 570 178 DI}
587 121 831 178 DIVINATIONE
910 159 914 168 .

173 270 236 336 Sed
257 274 368 335 tamen
391 291 464 335 cum
487 267 648 352 explicare
669 267 753 331 nihil
774 289 897 352 posses,
919 268 1076 352 pugnasti
1096 290 1181 335 com-

78 425 80 428 .
173 359 399 424 menticiorum
421 357 643 441 exemplorum
665 355 802 421 mirifica
824 354 926 440 copia.
961 355 1011 421 De
1034 378 1099 441 quo
1116 358 1182 442 pri-

173 470 262 513 mum
291 425 353 514 hoc
380 446 461 510 libet
484 445 602 510 dicere:
627 443 699 509 Hoc
726 465 787 530 ego
810 444 1000 531 philosophi
1021 466 1087 511 non
1109 467 1182 512 esse

173 537 328 613 arbitror,
355 534 495 599 testibus
522 533 586 616 uti,
615 532 670 616 qui
698 535 756 597 aut
782 554 859 597 casu
881 532 950 598 reri
973 536 1030 598 aut
1052 534 1182 599 maIItia

172 624 250 690 falsi
275 623 407 707 fictique
434 643 505 687 esse
532 623 684 706 possunt3
713 621 914 706 argumentis
943 623 976 685 et
998 622 1180 687 rationibus
1210 644 1224 684 s

173 716 314 799 oportet,
337 731 436 796 quare
455 709 595 794 quidque
613 709 662 773 ita
679 708 732 793 sit,
755 709 877 793 docere,
898 730 965 774 non
983 710 1117 795 events,
1138 711 1181 776 iis

173 799 376 886 praesertim,
400 798 517 883 quibus
540 797 621 862 mihi
643 797 741 862 liceat
762 819 829 862 non
852 798 989 863 credere.

239 887 287 954 Ut
312 886 420 952 ordiar
443 886 485 952 ab
508 885 728 969 haruspicina,
756 908 853 970 quam
876 907 938 972 ego
960 885 1009 951 rei
1029 886 1184 974 publicae

174 998 272 1043 causa
298 974 541 1059 communisque
568 974 736 1060 religionis
751 974 927 1048 colendam
950 995 1074 1042 censeo.
1118 973 1182 1040 Sed

174 1064 237 1130 soli
265 1085 389 1148 sumus3
418 1062 495 1127 licet
520 1066 633 1127 'verum
656 1062 822 1146 exquirere
845 1061 914 1127 sine
936 1062 1071 1147 invidia,
1100 1063 1181 1128 mihi
1197 1085 1226 1124 ro

173 1151 367 1240 praesertim
384 1151 424 1215 de
446 1150 609 1237 plerisque
628 1149 798 1215 dubitanti.
830 1148 1053 1236 Inspiciamus,
1071 1151 1100 1218 si
1112 1153 1181 1237 pla·
1301 1159 1302 1244 t

174 1245 234 1325 cet,
254 1243 328 1306 exta
346 1239 496 1324 primum.
527 1237 719 1303 Persuaderi
731 1238 834 1324 igitur
848 1240 997 1324 cuiquam
1010 1243 1121 1324 potest
1135 1263 1181 1326 ea,

175 1351 257 1415 quae
276 1327 453 1414 significari
472 1326 622 1392 dicuntur
635 1326 727 1411 extis,
745 1327 877 1413 cognita
895 1349 966 1392 esse
980 1328 1021 1392 ab
1036 1328 1182 1414 haruspi-

174 1419 265 1484 cibus
284 1416 510 1482 observatione
529 1415 702 1480 diuturna?
727 1413 831 1490 Quam
849 1415 1002 1481 diuturna
1014 1416 1081 1482 ista
1093 1416 1181 1482 fuit?
1301 1437 1302 1492 ζ

175 1510 232 1572 aut
249 1527 346 1590 quam
359 1504 538 1590 longinquo
552 1507 698 1587 tempore
713 1503 880 1568 observari
896 1504 1027 1588 potuit?
1046 1509 1103 1570 aut
1117 1527 1181 1591 quo
1196 1525 1226 1565 ιε

175 1595 271 1661 modo
286 1596 337 1658 est
355 1593 520 1659 conlatum
537 1591 623 1656 inter
636 1591 735 1676 ipsos,
755 1613 836 1676 quae
849 1613 926 1677 pars
940 1592 1080 1677 inimica,
1099 1615 1181 1677 quae
1301 1599 1302 1602 ’

174 1704 252 1768 pars
282 1681 452 1746 familiaris
483 1684 582 1764 esset,
614 1680 700 1764 quod
728 1679 842 1744 fissum
869 1680 1063 1765 periculum,
1095 1682 1182 1767 quod

174 1769 379 1837 commodum
404 1769 535 1853 aliquod
559 1768 765 1834 ostenderet?
801 1767 855 1832 An
872 1768 952 1834 haee
970 1768 1056 1833 inter
1073 1791 1109 1835 se
1126 1770 1183 1834 ha-
1301 1791 1302 1794 ¹

174 1859 319 1945 ruspices
345 1857 490 1941 Etrusci,
519 1856 598 1941 Illii,
626 1855 795 1942 Aegyptii,
824 1854 926 1921 Poeni
952 1858 1182 1923 contuleruut?

177 1949 223 2013 Ac
251 1947 297 2030 id,
326 1949 554 2031 praeterquam
582 1945 668 2029 quod
694 1945 765 2008 fieri
791 1966 858 2009 non
883 1945 1005 2030 potuit,
1033 1967 1074 2011 ne
1101 1947 1183 2032 fingi
1197 1965 1226 2004 20
1301 1955 1302 2016 t

176 2035 306 2120 quidem
337 2037 460 2119 potest3
492 2033 575 2099 alios
607 2032 691 2096 enim
718 2032 789 2117 ¹alio
817 2054 907 2098 more
934 2033 1079 2100 videmus
1108 2039 1184 2100 exta

122 2137 156 2186 29
175 2122 397 2208 interpretari,
423 2143 482 2187 nec
508 2142 578 2186 esse
600 2143 698 2186 unam
721 2121 866 2186 omnium
889 2120 1101 2207 disciplinam.
1138 2123 1185 2188 Et

53 2267 54 2272 ,
175 2215 272 2296 certe,
295 2212 323 2276 si
346 2214 396 2275 est
418 2209 454 2274 in
476 2209 559 2274 extis
583 2209 775 2293 aliquavis,
799 2231 880 2293 quae
904 2209 1045 2276 declaret
1062 2210 1183 2295 futura,

174 2321 305 2366 necesse
329 2302 379 2364 est
402 2320 474 2362 eam
497 2301 554 2362 aut
577 2319 780 2362 cumrerum
801 2301 921 2363 natura
943 2320 1014 2364 esse
1037 2299 1185 2365 coniunc-

175 2393 245 2455 tam
277 2391 334 2453 aut
366 2385 562 2452 conformari
594 2385 733 2469 quodam
765 2385 862 2451 modo
891 2387 1022 2452 numine
1050 2388 1184 2453 deorum
1198 2406 1225 2446 2⁵

175 2477 273 2561 vique
296 2475 414 2540 divina.
450 2473 533 2540 Cum
555 2495 664 2538 rerum
685 2477 804 2539 natura
825 2477 919 2539 tanta
942 2479 1074 2560 tamque
1093 2499 1184 2560 prae

177 2567 265 2631 clara
291 2564 327 2628 in
354 2583 465 2628 omnes
492 2565 605 2714 partffi
630 2563 803 2646 motusque
825 2563 942 2627 diffusa
965 2563 1042 2648 quid
1063 2563 1185 2629 habere

176 2657 287 2739 potest
305 2672 474 2717 commune
492 2672 559 2716 non
596 2649 676 2715 'cam
691 2651 908 2736 gallinaceum
923 2651 968 2715 fel
984 2648 1074 2738 (sunt
1089 2652 1184 2735 enim,

177 2742 233 2827 qui
255 2741 307 2806 vel
331 2737 542 2826 argutissima
563 2738 643 2803 haec
667 2742 742 2803 exta
765 2760 834 2804 esse
858 2737 996 2824 dicant),
1019 2740 1075 2804 sed
1098 2741 1185 2805 tauri

178 2830 279 2914 opimi
306 2828 394 2892 iecur
420 2831 478 2892 aut
504 2848 560 2892 cor
587 2830 644 2892 aut
668 2828 780 2911 pulmo
804 2826 881 2910 quid
903 2826 1004 2892 habet
1025 2829 1186 2911 naturale,
1201 2848 1228 2886 ao

122 941 155 990 28

124 2889 167 3015 ,15⁹³
179 2918 265 3002 quod
288 2916 451 2981 declarare
469 2913 588 2999 possit,
611 2914 688 2999 quid
710 2914 856 2979 futurum
879 2914 946 2980 sit?
979 2914 1186 2982 Democritus

178 3009 290 3071 tamen
315 3025 382 3068 non
407 3002 523 3068 inscite
545 3005 700 3088 nugatur,
727 3006 764 3068 ut
786 3002 953 3089 physicus,
982 3025 1045 3087 quo
1070 3026 1187 3090 genere

177 3093 261 3158 nihil
285 3090 509 3176 adrogantius:

223 3179 329 3257 Qudd
366 3183 425 3244 est
456 3182 545 3244 ante
576 3178 706 3263 pedes,
741 3181 850 3244 ne'mo
883 3182 1052 3264 spectat,
1088 3181 1189 3245 caeli

701 3271 929 3332 scrutantur
950 3268 1099 3354 plagas.

178 3353 302 3420 Verum
330 3355 358 3418 is
388 3358 499 3419 tamen
525 3354 641 3419 habitu
668 3357 816 3420 extorum
844 3359 877 3420 et
899 3356 1007 3421 colore
1030 3356 1228 3422 declararis

179 3446 288 3508 censet
311 3441 391 3507 haec
414 3443 596 3507 dumtaxat:
619 3441 733 3526 pabuli
756 3465 857 3530 genus
882 3447 915 3508 et
938 3467 1048 3509 aarum
1071 3467 1189 3526 rerum,
