2630 3890
200 197 263 262 198
552 199 601 253 Dll
621 197 864 254 DIVINATIONE

198 363 238 406 ex
255 342 296 407 iis
314 343 414 408 etiam
430 342 573 408 fructum
591 343 684 429 capio
705 343 828 408 laboris
847 343 920 429 mei,
942 345 997 430 qui
1014 346 1081 412 iam
1100 351 1210 414 aetate

198 431 344 516 provecti
365 431 400 496 in
421 431 543 496 nostris
566 431 661 496 libris
685 431 911 518 adquiescunt3
940 455 1076 518 quorum
1100 437 1209 502 studio

198 519 327 606 legendi
353 541 461 584 meum
484 519 645 585 scribendi
668 520 813 585 studium
835 519 1058 588 vehementius
1080 523 1117 588 in
1139 525 1209 590 dies

197 606 367 691 incitatum
395 629 476 692 quos
503 607 633 692 quidem
655 608 779 693 plures,
807 631 905 692 quam
927 611 1036 695 rebar,
1065 633 1135 677 esse
1157 635 1209 679 co·

199 696 307 782 gnevi.
340 695 551 782 Magnificum
569 695 652 760 illud
669 696 768 760 etiam
782 696 1003 783 Romanisque
1021 699 1238 766 hominibusa

201 784 394 870 gloriosum,
429 787 467 848 ut
501 783 633 849 Graecis
670 785 709 850 de
744 785 954 870 philosophia
989 787 1110 853 litteris
1141 810 1209 855 non

163 883 179 932 6
199 876 330 958 egeant3
354 871 439 956 quod
462 871 621 956 adsequar
638 872 793 958 profecto,
817 874 845 938 si
862 874 1016 940 instituta
1033 876 1208 961 perfecero.

199 959 248 1025 Ac
271 959 351 1026 mihi
374 960 503 1045 quidem
527 961 735 1046 explicandae
757 961 986 1048 philosophiae
1004 987 1135 1031 causam
1154 965 1209 1030 ad·

197 1047 276 1113 tulit
307 1069 401 1113 casus
434 1049 542 1135 gravis
575 1049 731 1133 civitatis,
763 1072 836 1115 oum
867 1050 902 1116 in
928 1052 1029 1117 armis
1056 1052 1208 1119 civilibus

196 1158 257 1201 nec
288 1136 374 1201 tueri
404 1158 476 1203 meo
508 1159 598 1202 more
625 1160 694 1203 rem
721 1138 886 1223 publicam
912 1160 972 1206 nec
997 1141 1081 1206 nihil
1109 1163 1207 1229 agere
1221 1161 1249 1201 ιο

198 1227 347 1309 poteram
375 1247 447 1310 neo,
476 1226 553 1311 quid
579 1226 702 1311 potius,
733 1227 818 1310 quod
846 1226 975 1312 quidem
998 1251 1050 1295 me
1073 1229 1209 1316 dignum

199 1317 293 1397 esset,
312 1335 451 1398 agerem,
469 1314 679 1399 reperiebam.
706 1313 842 1380 Dabrmt
859 1316 962 1401 igitur
980 1318 1061 1384 mihi
1078 1319 1209 1384 veniam

198 1401 263 1465 mei
292 1401 378 1467 cives
407 1403 460 1468 vel
489 1403 630 1489 gratiam
656 1403 767 1488 potius
794 1404 974 1489 habebrmt,
1003 1407 1105 1492 quod,
1134 1429 1208 1473 oum

199 1492 285 1554 esset
310 1490 346 1554 in
374 1491 469 1556 unius
496 1495 661 1576 potestate
688 1513 740 1556 res
768 1492 912 1577 publica,
938 1514 1042 1578 neque
1071 1515 1132 1582 ego
1154 1517 1208 1560 me

198 1577 308 1643 abdidi
339 1600 443 1663 neque
475 1579 601 1645 deserui
632 1601 735 1664 neque
768 1580 877 1645 adflixi
903 1602 1008 1665 neque
1034 1583 1083 1647 ita
1110 1584 1208 1669 gessi,
1222 1601 1250 1642 1⁵

199 1666 293 1751 quasi
314 1667 439 1732 homini
461 1672 519 1733 aut
541 1668 743 1752 temporibus
766 1668 884 1752 iratus,
910 1691 1015 1754 neque
1037 1693 1136 1757 porro
1158 1673 1208 1738 ita

199 1759 256 1820 aut
288 1755 438 1820 adulatus
471 1760 528 1820 aut
560 1756 738 1822 admiratus
769 1755 935 1822 fortunam
963 1779 1034 1823 sum
1062 1760 1208 1846 alterius,

201 1847 236 1908 ut
266 1865 319 1908 me
350 1865 441 1909 meae
472 1844 662 1930 paeniteret.
707 1843 746 1909 Id
775 1845 860 1910 enim
886 1845 995 1931 ipsum
1022 1869 1042 1912 a
1068 1845 1207 1914 Platone

198 1931 470 2017 philosophiaque
490 1932 672 2017 didiceram,
690 1934 856 1999 naturales
875 1955 946 2001 esse
963 1934 1120 2019 quasdam
1134 1959 1208 2003 con·

198 2019 362 2085 versiones
385 2021 726 2106 rerumpublicarum,
748 2025 786 2086 nt
804 2044 860 2087 eae
878 2025 949 2087 tum
968 2044 988 2087 a
1005 2023 1206 2112 principibus
1222 2045 1249 2085 so

164 2123 179 2170 1
198 2112 394 2192 tenerentur,
416 2112 487 2174 tum
506 2132 526 2174 a
543 2109 682 2194 populis,
705 2109 880 2194 aliquando
900 2133 920 2175 a
938 2111 1085 2197 singulis.
1114 2111 1207 2189 Quod

198 2220 272 2262 oum
295 2196 465 2262 accidisset
487 2201 619 2263 nostrae
642 2198 689 2262 rei
711 2198 869 2283 publicae,
891 2202 963 2263 tum
985 2199 1133 2284 pristinis
1157 2223 1208 2268 or·

197 2285 269 2350 bati
290 2285 478 2351 muneribus
500 2284 581 2350 haec
604 2285 711 2351 studia
733 2308 890 2353 renovare
912 2287 1089 2372 coepimus,
1112 2293 1150 2354 ut
1172 2293 1207 2356 et

198 2373 325 2439 animus
344 2373 504 2439 molestiis
522 2373 584 2439 hac
601 2374 809 2459 potissimum
827 2397 862 2440 re
883 2377 1046 2441 levaretur
1065 2379 1098 2441 et
1111 2378 1206 2462 prod·

198 2484 341 2527 essemus
374 2463 497 2528 civibus
529 2462 666 2547 nostris,
698 2485 763 2546 qua
793 2484 829 2527 re
860 2485 996 2549 cumque
1026 2486 1206 2550 possemus.
1221 2483 1248 2525 2⁵

196 2550 352 2616 inlibris
376 2551 461 2615 enim
484 2551 680 2616 sententiam
703 2551 900 2636 dicebamus,
928 2551 1205 2641 contionabamur,

196 2638 439 2725 philosophiam
461 2638 556 2703 nobis
574 2660 634 2723 pro
653 2638 701 2703 rei
718 2639 868 2724 publicae
885 2642 1113 2725 procuratione
1132 2644 1206 2709 sub·

197 2728 348 2792 stitutam
379 2727 585 2813 putabamus.
634 2725 730 2792 Nunc
761 2728 915 2812 quoniam
947 2728 985 2794 de
1012 2731 1207 2815 republica

196 2816 323 2881 consuli
341 2815 448 2900 coepti
467 2837 587 2898 sumus,
605 2815 777 2879 tribuenda
796 2821 854 2880 est
865 2838 964 2902 opera
980 2817 1029 2882 rei
1046 2817 1205 2904 publicae,

196 2905 249 2969 vel
283 2903 388 2968 omnis
420 2905 530 2988 potius
560 2904 595 2966 in
625 2925 664 2967 ea
693 2903 850 2989 cogitatio
880 2908 914 2969 et
943 2908 1206 2992 curaponenda,
1219 2925 1247 2966 eo

142 2963 181 3067 s
196 2994 326 3056 tanturn
348 2990 424 3056 hnic
446 2991 554 3057 studio
577 2991 831 3075 relinquendum,
855 2995 1013 3077 quantum
1035 2995 1166 3060 vacabit
1186 3019 1207 3061 a

196 3079 328 3164 publico
357 3078 463 3144 officio
492 3083 525 3144 et
551 3100 691 3144 munere.
728 3077 800 3180 ,Sed
826 3079 906 3146 haee
933 3081 1016 3146 alias
1042 3082 1207 3169 pluribus3

157 3166 350 3320 ambil
367 3167 1086 3332 tllffllssllltlllltlntlltttta
1109 3259 1207 3326 aa

197 3342 331 3428 ruisset,
363 3366 445 3428 quae
478 3344 642 3429 superiore
674 3343 759 3409 libro
788 3345 910 3431 scripta
939 3349 1028 3430 sunt,
1061 3347 1206 3434 satisque
1220 3366 1247 3407 11

197 3431 401 3496 ambulatum
432 3431 609 3517 videretur,
645 3435 715 3496 tum
747 3433 782 3496 in
813 3433 1025 3518 bibliotheca,
1058 3457 1140 3520 quae
1171 3437 1207 3502 in

195 3518 294 3602 Lycio
323 3523 387 3604 est,
414 3519 605 3585 adsedimus.
650 3519 760 3605 Atque
788 3542 863 3607 ego:
890 3521 1054 3587 Adcurate
1077 3526 1115 3587 tn
1138 3525 1206 3610 qui-
1310 3505 1311 3596 l
