2578 3874
190 156 255 220 372
474 209 476 214 ,
549 153 598 208 DE
616 153 666 208 RE
684 153 840 210 PUBLIGA

188 304 282 366 tuum
304 319 423 366 nomen
446 320 481 364 se
502 301 576 364 tota
598 301 766 364 convertet
788 298 919 382 civitas,
941 300 975 361 te
998 301 1148 381 senatus,
1171 301 1206 362 te

189 409 300 454 omnes
328 387 419 472 boni,
446 389 480 451 te
508 387 600 471 socii,
626 390 661 450 te
683 385 794 451 Latini
820 385 1048 470 intuebuntur,
1075 386 1202 450 tueris

188 497 281 560 unus,
303 475 339 540 in
362 498 425 561 quo
445 475 570 540 nitatur
588 474 733 540 civitatis
752 474 851 560 salus,
874 495 921 558 ae,
942 496 984 538 ne
1003 474 1118 558 multa,
1143 474 1206 539 dio·

188 568 278 630 tator
300 585 370 628 rem
392 561 557 649 publicam
579 563 761 630 constituas
782 566 923 647 oportet,
946 561 1113 646 siimpias
1130 584 1207 646 pro

187 653 384 738 pinquorum
420 673 535 717 manus
572 651 734 737 effugeris.
786 650 851 718 Hie
882 673 955 716 eum
987 651 1244 716 exclamassetr

187 740 319 806 Laelius
350 739 651 825 ingemuissentque
682 739 907 804 vehementius
940 738 1053 822 aeteri,
1086 739 1208 803 leniter

189 827 335 894 arridens
359 827 480 913 Scipio:
514 825 565 892 st!
593 849 737 928 quaeso,
754 827 876 912 inquit,
902 848 943 892 ne
971 848 1023 892 me
1047 848 1065 892 e
1088 847 1207 892 somno

137 920 444 1088 mustus
459 916 925 1069 terrueruut

137 1063 171 1110 ¹3
189 1090 365 1178 publicam,
387 1093 434 1158 sio
456 1055 591 1158 haireto:
615 1054 775 1175 omnibus,
799 1093 855 1176 qui
872 1092 1016 1178 patriam
1034 1113 1208 1158 conserva·
1221 1110 1245 1148 1⁰
1273 1117 1274 1150 v

189 1182 310 1265 verint,
332 1181 530 1264 adiuverint,
553 1181 712 1264 auxerint,
734 1183 860 1246 eertum
884 1201 954 1244 esve
981 1181 1128 1245 incaelo
1154 1181 1208 1245 de
1273 1231 1274 1278 ,

188 1269 318 1334 finitum
348 1269 470 1353 loeum,
501 1269 558 1334 ubi
585 1269 674 1333 beati
702 1290 782 1334 aevo
812 1268 1010 1353 sempiterno
1038 1267 1209 1354 fruentum

188 1357 272 1422 nihil
305 1361 356 1422 est
387 1358 473 1423 enim
507 1356 558 1421 illi
592 1356 732 1442 principi
761 1356 835 1441 deo,
865 1357 921 1441 qui
952 1379 1082 1422 omnem
1113 1380 1209 1422 mun·

189 1447 266 1512 dum
288 1446 384 1532 regit,
408 1447 494 1531 quod
513 1445 643 1529 quidem
661 1445 696 1508 in
714 1445 811 1510 terris
829 1445 898 1529 fiat,
921 1446 1083 1530 aoeeptius
1105 1467 1208 1530 quam

189 1534 326 1600 eoncilia
344 1538 519 1618 coetusque
537 1534 706 1599 hominum
724 1533 794 1598 iure
813 1533 937 1616 sociati,
956 1555 1039 1618 quae
1053 1533 1209 1599 civitates
1223 1551 1245 1590 ¹⁵

190 1623 411 1724 appellantur3
429 1623 546 1687 herum
564 1625 707 1688 restores
726 1625 760 1686 et
777 1626 1023 1688 conservatores
1041 1621 1118 1688 hine
1131 1644 1209 1708 pro
1274 1621 1275 1706 i

138 1777 180 1902 ff
189 1711 331 1864 feetillii1
332 1714 596 1884 cegilivitriineliiin
611 1797 804 1883 perterritus
819 1802 969 1864 nontam
983 1799 1100 1864 mortis
1114 1803 1209 1864 metu

190 1908 288 1970 quam
316 1886 508 1952 insidiarum
538 1908 558 1950 a
584 1887 680 1970 maie,
711 1887 856 1971 quaesivi
883 1890 1008 1971 tamen,
1037 1887 1208 1952 viveretne
1275 1938 1276 1978 ,

188 1975 259 2059 ipse
282 1978 316 2038 et
338 1973 460 2039 Paulus
483 1978 577 2059 pater
600 1978 634 2039 et
657 1975 722 2059 alii,
746 1997 827 2060 quos
848 1997 910 2041 nos
933 1976 1095 2041 extinctos
1119 1975 1208 2040 arbi-
1221 1991 1246 2030 2⁰

189 2067 359 2128 treremur.
399 2062 504 2128 Immo
528 2083 614 2145 vero,
636 2063 753 2147 inquit,
774 2063 810 2128 hi
832 2063 957 2148 vivrmt,
980 2063 1037 2148 qui
1055 2085 1073 2128 e
1092 2085 1207 2148 eorpo-

189 2173 263 2216 rum
288 2151 428 2216 vinculis
455 2155 625 2235 tamquam
648 2172 665 2214 e
688 2173 816 2216 earcere
840 2153 1066 2231 evolaverunt,
1092 2156 1208 2218 vestra

188 2260 275 2324 vero,
299 2260 382 2324 quae
405 2239 531 2321 dieitur,
554 2239 624 2304 vita
646 2261 736 2305 mors
758 2243 818 2305 est.
855 2239 941 2316 Quin
962 2244 1000 2305 tu
1023 2239 1144 2325 aspicis
1163 2241 1207 2305 ed

188 2332 222 2392 te
252 2327 436 2393 venientem
462 2326 602 2392 Paulum
628 2329 779 2412 patrem?
816 2326 919 2403 Quem
945 2331 983 2394 ut
1005 2329 1086 2411 vidi,
1117 2328 1206 2413 equi-

190 2417 263 2482 dem
280 2416 348 2481 vim
366 2415 574 2481 lacrimarum
592 2416 730 2500 profudi,
748 2416 805 2501 ille
825 2419 934 2482 autem
948 2438 1002 2482 mo
1015 2416 1206 2503 complexus
1219 2431 1244 2472 2⁵

190 2508 288 2589 atque
311 2505 463 2570 osculans
486 2505 563 2569 flere
586 2503 791 2589 prohibebat.

136 2571 179 2698 1Ῑὲ
256 2592 366 2676 Atque
394 2614 456 2678 ego
485 2596 524 2658 ut
550 2592 693 2677 primum
719 2593 798 2658 fletu
820 2615 970 2678 represso
992 2593 1084 2678 loqui
1107 2615 1206 2678 posse

189 2680 289 2766 coepi,
309 2679 445 2766 Quaeso,
462 2681 606 2765 inquam,
624 2685 719 2765 peter
737 2681 943 2747 sanctissime
957 2685 1056 2766 atque
1070 2682 1205 2767 optime,

189 2768 342 2854 quoniam
360 2768 442 2834 haee
460 2773 511 2834 est
524 2769 601 2852 vita,
620 2773 657 2833 ut
672 2768 863 2836 Africanum
877 2770 973 2835 audio
988 2769 1104 2853 dieere,
1123 2770 1204 2854 quid

189 2879 299 2923 moror
330 2857 365 2922 in
395 2857 515 2923 terris?
549 2857 628 2942 quin
659 2858 723 2922 huo
750 2857 791 2922 ad
817 2879 877 2923 ros
904 2857 1015 2923 venire
1040 2857 1205 2943 propero?
1218 2872 1243 2912 ⁸⁰

188 2943 265 3010 Non
288 2948 339 3009 est
361 2945 419 3025 ita,
441 2944 549 3030 inquit
571 2944 636 3010 ille.
673 2943 747 3010 Nisi
769 2945 854 3011 enim
873 2945 1008 3030 densis,
1032 2944 1124 3011 euius
1142 2946 1206 3012 hoo

188 3033 349 3118 templum
376 3037 427 3098 est
450 3055 561 3118 omne,
591 3033 678 3118 quod
701 3033 875 3119 eonspieis,
901 3033 977 3099 istis
998 3037 1034 3099 te
1057 3035 1205 3119 eorporis

190 3121 346 3186 custodiis
364 3121 563 3204 liberaverit,
581 3121 644 3186 hue
662 3121 724 3186 tibi
743 3121 850 3186 aditus
868 3125 982 3206 patere
999 3142 1066 3187 non
1083 3126 1205 3207 potest.

188 3205 347 3273 Homines
376 3209 462 3274 enim
486 3213 563 3273 sunt
584 3208 647 3273 hae
669 3208 742 3294 lege
766 3211 927 3295 generati,
956 3210 1011 3294 qui
1034 3213 1205 3275 tuerentur

188 3295 283 3362 illum
316 3297 465 3381 globum,
498 3320 594 3381 quem
626 3297 660 3360 in
690 3296 752 3361 hoo
781 3299 905 3383 templo
934 3298 1076 3363 medinm
1103 3298 1205 3382 vides,
1219 3314 1243 3354 ³⁵

191 3403 273 3465 qnae
300 3385 390 3448 terra
416 3385 547 3467 dieitur,
577 3385 682 3467 iisque
710 3384 837 3450 animus
866 3385 962 3450 datus
990 3390 1040 3450 est
1068 3408 1107 3451 ex
1136 3387 1204 3450 illis

191 3468 398 3552 sempiternis
429 3471 575 3558 igmbus,
608 3492 690 3555 quae
723 3472 830 3538 sidera
862 3477 895 3538 et
924 3473 1039 3556 stellas
1066 3475 1204 3557 voeatis,
