2610 3894
297 84 302 96 ’
337 119 405 174 mn.
424 119 460 175 11.
485 118 695 176 cnam-14.
718 125 868 186 sas-es.
1066 121 1110 186 59

93 263 228 328 cohibet
258 265 292 328 et
315 263 468 329 continet.
514 262 672 340 Quocirca
693 285 824 330 neccsse
848 268 899 330 est
922 287 993 330 esse
1017 285 1111 350 quar·

93 355 166 416 tum
188 351 286 416 illum
309 351 563 418 stultissimum
587 354 738 439 gradum,
761 374 825 438 quo
848 354 942 418 nulla
963 353 1014 418 vis
1036 374 1111 438 pos-

94 441 139 504 sit
172 439 332 505 accedere.
381 439 415 505 Is
447 444 558 506 autem
590 445 641 506 est
673 442 807 527 gradus,
837 441 874 506 in
904 447 968 525 quo
1000 463 1110 506 rerum
1128 457 1162 505 36

94 527 243 593 omnium
269 531 389 593 natura
414 529 562 614 ponitur3
592 551 673 614 quae
701 532 855 614 quoniam
877 529 956 594 talis
980 532 1044 614 est,
1073 533 1112 594 ut
1184 559 1187 566 Δ

67 620 128 680 ιιι
143 615 282 700 praesit
309 616 459 682 omnibus
488 621 522 682 et
544 638 617 683 eam
637 618 732 683 nulla
753 639 805 683 res
827 618 934 703 possit
955 616 1110 702 inpedire,

92 725 227 770 necesse
259 708 311 769 est
343 703 591 791 intellegentem
623 727 694 773 esse
726 707 881 771 mundum
914 708 948 771 et
980 705 1110 790 quidem

94 793 197 858 etiam
220 792 410 878 sapientem.
448 792 533 869 Quid
555 798 666 860 autem
685 797 735 860 est
752 793 901 860 inscitius
920 816 1019 879 quam
1038 815 1110 859 eam

93 884 259 965 naturam,
281 902 366 965 quae
390 882 495 947 ommis
519 903 571 947 res
595 883 640 947 sit
662 883 828 968 conplexa,
850 904 918 948 non
940 885 1107 967 optumam

94 969 175 1053 dici,
208 972 278 1053 aut,
306 991 380 1036 cum
408 969 453 1036 sit
475 973 623 1056 optuma,
653 993 722 1036 non
742 971 886 1056 primum
908 971 1110 1036 animantem
1151 1011 1154 1021 ι

55 1077 79 1115 ιο
94 1079 181 1141 esse,
210 1057 324 1122 deinde
351 1057 489 1124 rationis
513 1062 546 1123 et
569 1059 698 1124 consilii
720 1062 919 1144 compotem,
941 1061 1109 1144 postremo

94 1146 301 1232 sapientem?
352 1144 415 1222 Qui
451 1146 538 1212 enim
573 1151 684 1232 potest
720 1146 817 1212 aliter
849 1167 919 1212 esse
951 1147 1109 1232 optuma?

92 1233 210 1319 Neque
233 1233 330 1318 enim,
353 1235 382 1300 si
405 1235 558 1320 stirpium
581 1235 698 1300 similis
722 1235 766 1301 sit
789 1238 846 1300 aut
869 1235 970 1300 etiam
990 1234 1109 1300 bestia·

92 1345 184 1407 rum,
221 1325 357 1408 optuma
388 1323 534 1407 putanda
565 1323 610 1388 sit
640 1323 751 1409 potius
784 1346 882 1409 quam
914 1324 1109 1406 deterruma,

92 1433 154 1477 nec
182 1431 276 1496 vero,
308 1411 337 1474 si
364 1411 502 1476 rationis
529 1412 693 1497 particeps
721 1412 766 1477 sit
792 1434 851 1478 nec
878 1412 923 1476 sit
949 1414 1062 1477 tamen
1089 1433 1109 1476 a

53 1517 78 1556 ιι
92 1499 255 1584 principio
279 1499 418 1584 sapiens,
439 1521 510 1566 ιιοιι
528 1499 573 1565 sit
591 1500 733 1566 deterior
751 1500 863 1565 mundi
880 1499 991 1586 potius
1010 1521 1108 1584 quam

91 1588 240 1652 humane
276 1587 458 1740 condicio;
471 1587 569 1654 homo
607 1589 693 1654 enim
724 1589 855 1673 sapiens
886 1588 958 1653 fieri
988 1591 1109 1674 potest,

93 1675 235 1742 mundus
264 1679 375 1740 autem
397 1676 483 1741 siin
506 1680 638 1742 aeterno
661 1677 833 1762 praeteriti
855 1677 1013 1778 temporis
1036 1697 1108 1762 spe-

92 1765 142 1830 tio
166 1763 263 1829 fuit
252 1764 424 1848 insipiens,
445 1786 624 1850 numquam
646 1765 794 1850 profecto
817 1764 1013 1851 sapientiam
1035 1786 1108 1830 con·

94 1856 265 1937 sequetur3
296 1852 345 1918 ita
376 1853 439 1918 erit
469 1853 601 1919 homine
633 1854 688 1918 det
673 1854 783 1919 terior.
833 1851 927 1929 Quod
954 1853 1108 1938 quoniam

51 1958 79 1998 2⁰
94 1940 274 2006 absurdum
297 1944 357 2020 est,
380 1944 414 2006 et
437 1941 566 2027 sapiens
590 1964 610 2007 a
631 1941 792 2027 principio
816 1942 955 2007 mundus
978 1945 1012 2006 et
1030 1942 1108 2007 deus

92 2029 264 2095 habendus
287 2031 347 2094 est
387 2027 502 2131 Neque
524 2030 612 2095 enim
634 2034 686 2094 est
708 2031 881 2118 quicquam
905 2029 994 2095 aliud
1016 2051 1108 2115 prae-
1126 2044 1160 2094 aa

92 2122 147 2183 ter
170 2117 336 2200 mundum,
359 2118 411 2183 cui
431 2118 515 2183 nihil
539 2119 636 2202 absit,
660 2119 809 2203 quodque
828 2111 973 2203 undique
994 2121 1109 2204 aptum

94 2209 196 2290 tque
217 2204 398 2291 perfectum
342 2228 459 2271 umex
483 2207 649 2292 letumque
673 2207 717 2271 sit
740 2207 890 2273 omnibus
913 2206 981 2272 suis
998 2227 1109 2271 nume·

94 2294 142 2358 ris
174 2297 208 2358 et
238 2294 398 2379 partibus.
453 2209 538 2360 §cite
571 2295 657 2360 enim
689 2291 907 2381 Chrysippus,
942 2298 981 2360 ιιι
1012 2288 1162 2378 cl1pe114

51 2399 80 2438 2⁵
95 2403 196 2448 causa
219 2381 435 2468 involuerum,
464 2383 618 2469 vaginam
642 2386 751 2448 autem
775 2383 886 2470 gladii,
909 2383 956 2448 sic
966 2375 1109 2468 praeter

93 2470 254 2536 mundum
280 2473 390 2536 cetera
416 2471 526 2536 omnia
554 2472 693 2537 aliorum
720 2493 818 2537 causa
845 2492 915 2537 esse
944 2472 1108 2557 generata,

93 2562 134 2624 ut
163 2579 218 2624 eas
245 2557 357 2645 fruges
381 2562 478 2644 etque
501 2559 640 2644 fructus,
672 2581 755 2644 quos
778 2563 867 2625 terre
890 2559 1011 2646 gignit,
1042 2557 1109 2623 ani·

93 2648 258 2712 mentium
276 2668 382 2732 causa,
405 2647 588 2713 animantes
608 2651 718 2713 autem
735 2648 914 2732 hominum,
932 2650 972 2711 ιιι
989 2668 1108 2730 equum

93 2734 236 2800 vehendi
258 2757 369 2820 causa,
397 2736 512 2801 arandi
533 2737 665 2819 bovem,
686 2736 828 2802 venandi
850 2739 884 2801 et
906 2733 1109 2800 custodiendi

51 2841 80 2880 ιι
94 2845 219 2889 canem
260 2821 335 2908 Ipse
358 2787 468 2889 'autem
490 2824 590 2891 homo
613 2827 705 2890 ortus
729 2829 780 2890 est
802 2824 843 2889 ad
862 2823 1018 2889 mundum
1036 2844 1109 2888 con-

92 2910 322 2997 templandum
345 2915 379 2978 et
399 2911 603 2997 imitandum,
625 2913 718 2978 nullo
740 2913 838 2978 modo
856 2911 1029 2997 perfectus,
1052 2911 1109 2976 sed

94 3005 148 3065 est
181 2999 340 3101 quaedam
367 3001 532 3086 particula
559 3000 705 3086 perfecti.
751 2999 814 3066 Sed
840 2999 979 3065 mundus
1009 3021 1108 3084 quon·
1128 3012 1161 3062 38

93 3089 164 3154 iam
191 3087 302 3154 omnia
308 3089 504 3190 conplexus
532 3093 583 3155 est
604 3110 709 3173 neque
732 3092 784 3154 est
806 3088 992 3173 quicquam,
1022 3089 1109 3173 quod

93 3198 164 3243 non
194 3175 341 3242 insitin
305 3198 477 3263 mpeo,
479 3176 579 3243 erfect
564 3181 618 3243 tus
646 3177 788 3262 imdique
816 3180 876 3242 est
920 3175 983 3253 Qui
1005 3176 1109 3264 igitur

53 3281 81 3322 ³⁵
94 3267 210 3351 potest
236 3263 266 3329 ei
288 3265 399 3330 deesse
421 3265 468 3350 ιιι,
496 3265 582 3351 quod
605 3268 656 3330 est
679 3265 862 3350 optimum?
890 3265 975 3330 mhi]
998 3269 1109 3330 autem

95 3357 148 3418 est
170 3355 279 3418 mente
302 3356 336 3418 et
358 3316 485 3419 ratioiie
508 3354 638 3456 melius3
661 3374 740 3439 ergo
759 3352 840 3420 haec
858 3355 978 3419 mundo
997 3353 1109 3419 deesse

93 3463 164 3508 non
185 3444 333 3528 possunt.
369 3440 490 3506 Bene
480 3442 544 3528 igit
544 3465 583 3507 ur
529 3441 692 3507 tidem
707 3439 918 3528 Chrysippus,
942 3441 998 3526 qui
1021 3441 1109 3506 simi-
