2610 3894
176 101 241 168 132
485 98 879 155 uenarumoaoaou

174 246 334 312 habemus
374 245 496 310 bonam
524 247 634 310 autem
661 243 822 312 rationem
850 247 1001 312 autnon
1027 245 1149 312 bonam
1171 269 1193 314 a

98 333 100 338 ’
174 334 279 400 nobis,
310 295 389 398 lion
403 333 498 417 enim,
515 335 553 397 ut
573 331 807 417 patrimonium
821 332 1026 418 relinquitur,
1044 333 1092 400 sie
1104 335 1190 401 ratio

175 426 226 488 est
242 421 368 488 homini
381 420 538 486 beneficio
553 419 687 486 deorum
700 419 786 486 data.
814 418 898 496 Quid
911 421 999 486 enim
1012 422 1122 508 potius
1135 422 1192 488 ho-

176 511 320 576 minibus
339 509 514 594 dedissent,
535 509 564 574 si
581 509 622 573 iis
640 530 757 574 nocere
771 509 974 576 voluissent?
1006 509 1192 578 Iniustitiae
1297 531 1298 538 ¹

176 603 295 684 autem,
317 598 599 682 intemperantiae,
621 597 810 662 timiditatis
829 619 911 682 quae
930 599 1055 688 semina
1073 604 1191 684 essent,
1218 617 1232 659 s

123 688 165 754 29
174 686 206 758 si
224 687 276 752 his
296 687 386 753 vitiis
400 686 486 752 ratio
500 708 567 751 non
580 685 752 752 subesset?
783 684 898 752 Medea
912 687 1008 753 modo
1023 692 1057 752 et
1070 687 1192 754 Atreus

176 775 517 842 commemorabantur
544 797 564 839 a
590 773 700 859 nobis,
731 774 881 840 heroicae
907 796 1078 861 personae,
1109 776 1193 842 inita

124 878 157 928 ra
178 865 401 948 subductaque
419 863 547 928 ratione
565 861 692 928 nefaria
709 864 831 929 scelera
850 863 1054 930 meditantes.
1086 863 1192 940 Quid?

176 953 328 1018 levitates
356 951 498 1018 comicae
521 973 680 1036 parumne
706 973 834 1037 semper
855 952 890 1016 in
912 953 1040 1018 ratione
1062 975 1192 1020 versau-
1298 945 1299 984 ³

176 1041 254 1106 tur?
276 1062 435 1126 parumne
458 1039 625 1106 subtiliter
648 1040 795 1126 disputat
816 1039 874 1106 ille
896 1040 932 1108 in
954 1041 1134 1108 Eunucho?
1207 1059 1234 1100 ιο

243 1144 343 1221 Quid
364 1143 491 1231 igitur
512 1145 677 1210 faciam?
702 1194 864 1210 ......

243 1234 437 1319 Exclusit,
465 1237 638 1318 revocat3
665 1234 840 1302 re‘deam?
867 1235 1101 1391 non,⁸seicr11;ts
1129 1238 1195 1302 db·

177 1429 240 1495 Ille
265 1450 344 1495 vero
370 1429 406 1494 in
433 1426 636 1513 Synephebis
663 1427 933 1494 Academicorum
959 1451 1051 1494 more
1079 1435 1196 1497 contra

178 1540 382 1585 communem
396 1517 583 1603 opinionem
596 1537 662 1581 non
677 1515 806 1582 dubitat
820 1538 967 1603 pugnare
981 1518 1118 1603 ratione,
1139 1521 1197 1605 qui

178 1607 234 1671 ‘in
252 1627 380 1672 amore
398 1627 543 1671 summo
564 1627 786 1690 summaque
803 1605 939 1692 inopia
958 1628 1075 1673 suave
1094 1609 1196 1674 esse'
1211 1626 1238 1666 1⁶

179 1695 258 1760 dicit

244 1799 451 1865 Parentem
473 1798 617 1864 habere
641 1799 812 1883 avarum,
835 1799 1063 1885 inlepidum,
1086 1800 1126 1868 in
1149 1801 1198 1868 li·

245 1973 480 2060 Difficilem,
504 1976 569 2060 qui
591 1979 629 2040 te
650 1977 720 2040 nec
743 1979 844 2040 amet
866 1997 935 2042 nec
953 1889 1109 2044 stirdreiist
1128 1980 1197 2046 tui.

128 2111 161 2164 ts
180 2101 290 2188 Atque
313 2099 390 2168 huic
412 2099 596 2165 incredibili
615 2099 796 2165 sententiae
813 2099 1014 2166 ratiunculas
1034 2105 1197 2188 suggerit:

247 2205 325 2271 Aut
352 2208 395 2272 tu
421 2203 535 2270 illum
557 2205 689 2271 fructu
710 2204 830 2270 fallas
854 2209 921 2270 aut
943 2229 1010 2292 per
1033 2205 1197 2276 litteras
1212 2227 1241 2268 ὀ
1301 2231 1302 2234 ’

248 2296 415 2360 Avertas
440 2293 598 2379 aliquod
620 2294 758 2358 nomen
780 2297 846 2358 aut
867 2315 935 2380 per
959 2297 1156 2362 servolum

246 2382 452 2449 Peredtias
475 2382 669 2467 pavidum,
691 2382 890 2468 postremo
910 2405 930 2448 a
948 2385 1064 2467 pared
1082 2391 1198 2470 patre

248 2470 357 2548 Quod
379 2475 522 2554 sumas,
545 2473 690 2555 quanto
714 2468 884 2555 dissipes
906 2470 1111 2538 libe'ntiusl

180 2595 335 2681 Idemque
366 2594 498 2660 facilem
530 2596 563 2658 et
594 2593 765 2660 liberalem
796 2599 925 2680 patrem
954 2596 1198 2663 incommodum

182 2707 253 2750 esse
276 2683 402 2750 amanti
423 2683 492 2748 filio
516 2681 672 2768 disputat,
1211 2703 1239 2744 ss

249 2807 364 2885 Quem
386 2808 510 2891 neque
533 2826 606 2893 quo
624 2808 737 2891 pacto
757 2804 892 2871 fallam
909 2829 978 2873 nec
997 2807 1198 2893 quidinde

249 2983 328 3060 Nec
346 2984 457 3070 quem
476 2983 606 3049 dolum
625 2981 771 3081 adeum
790 2986 856 3048 aut
869 2896 1198 3086 medliidbinnbom·

250 3154 337 3225 Soio
365 3156 584 3246 quicquam3
610 3159 669 3224 ita
691 3181 821 3226 omnes
844 3074 1107 3270 meosndilbasi’
1123 3162 1198 3231 fal·

135 3383 150 3395 .
249 3330 546 3424 Praestrigias
590 3334 878 3421 praestrinxit
922 3250 1197 3490 ooidipiblditds

969 3449 1017 3512 pa
1043 3449 1107 3494 r1s.
