2596 3882
200 174 266 238 324
558 173 607 227 DE
626 173 674 226 RE
692 171 849 227 PUBLICA

200 317 391 383 constitutio
405 317 538 383 Romuli
561 340 634 382 eum
658 317 812 382 ducentos
831 338 933 381 annos
953 321 986 380 et
1004 316 1125 401 viginti
1145 315 1215 380 fere

147 487 149 494 Α
200 407 294 470 firma
317 407 506 471 mansisset.
521 457 528 470 .
543 456 573 471 ..
616 407 755 487 (Nonius
771 426 805 486 p.
828 409 901 470 526.
925 406 970 488 7.)

267 495 368 576 [Hinc
394 500 450 572 est,
476 496 558 576 quod
582 495 714 576 reputem
736 494 975 558 dominationem
996 492 1217 573 conferentes

199 605 308 648 annea
330 584 462 665 imperia
484 584 627 663 Macesque
647 584 845 663 imperatores
866 582 926 646 sne
943 581 1046 661 fecere,
1068 582 1125 662 qui
1141 601 1216 644 con-

199 674 280 738 sules
301 673 449 754 appellati
470 675 545 735 suat
565 691 587 733 a
608 670 803 746 consnbedo,
824 689 888 733 non
909 689 993 751 repes
1014 674 1072 732 aet
1091 669 1217 733 domini
1242 686 1253 726 r

199 781 221 825 a
247 762 402 842 repenarde
429 765 520 841 atque
546 759 741 823 dominando.
787 756 997 840 (depastione
1022 758 1059 822 dc
1084 757 1141 821 civ.
1164 758 1217 821 dei

199 966 227 1017 p.
247 850 334 1017 35])]
371 935 505 1000 ...lex
523 934 583 999 illa
600 937 673 999 tota
692 933 823 998 sublata
838 935 897 998 est.
928 931 1001 999 Hae
1016 935 1125 997 mente
1139 935 1215 998 tum

199 1025 306 1090 nostri
333 1023 472 1088 maiores
501 1026 534 1086 et
559 1021 769 1087 Conlatinum
795 1022 1000 1086 innocentem
1028 1021 1213 1106 suspicione

201 1112 404 1198 cognationis
435 1111 628 1195 expulerunt
657 1112 690 1173 et
719 1110 862 1194 reliquos
890 1109 1085 1193 Tarquinios
1114 1110 1253 1174 offen-1⁰
1280 1162 1281 1174 .

201 1201 291 1265 sione
313 1199 468 1281 nominis3
491 1198 667 1282 eademque
690 1201 798 1262 mente
820 1197 855 1261 P.
874 1197 1027 1262 Valerius
1050 1201 1084 1262 et
1105 1196 1214 1263 fasces
1280 1205 1281 1210 ’

201 1289 326 1375 primus
349 1281 477 1352 demitti
500 1287 609 1370 iussit,
633 1309 707 1351 eum
730 1285 836 1351 dicere
858 1285 894 1350 in
916 1287 1067 1351 contione
1090 1287 1215 1370 coepis

200 1381 263 1460 set,
294 1379 327 1441 et
359 1376 447 1440 aedis
478 1397 553 1440 suas
580 1375 699 1438 detulit
725 1375 786 1438 sub
812 1373 958 1458 Veliam,
986 1377 1215 1461 posteaquam,

199 1464 286 1550 quod
312 1464 348 1529 in
370 1464 544 1529 excelsiore
566 1465 637 1528 loco
661 1461 774 1527 Veliae
797 1463 959 1547 coepisset
980 1462 1150 1528 aedificare
1174 1486 1215 1528 eo

199 1583 227 1633 p.
246 1555 294 1634 36]
317 1553 403 1637 ipso,
429 1552 486 1616 ubi
509 1574 566 1617 rex
585 1552 590 1636 Ι
611 1551 726 1615 Tullus
748 1551 970 1635 habitaverat,
994 1551 1215 1635 suspicionem
1229 1570 1254 1610 1⁵

199 1642 314 1726 populi
336 1640 438 1704 sensit
460 1640 597 1723 moreri3
625 1639 788 1724 idemque,
811 1640 845 1702 in
868 1661 932 1722 qno
954 1639 1019 1704 fnit
1040 1638 1217 1706 Publicola

200 1730 349 1811 maxime,
372 1728 478 1814 legem
502 1728 543 1792 ad
565 1728 723 1813 populum
745 1728 824 1791 tulit
847 1749 928 1811 eam,
952 1749 1034 1812 quae
1051 1729 1217 1793 centuria·
1281 1801 1282 1804 Ἴ

200 1819 244 1882 tis
267 1816 408 1882 comitiis
430 1817 537 1901 prima
555 1817 625 1880 lata
643 1820 702 1899 est,
724 1837 764 1880 ne
784 1816 856 1904 quis
875 1816 1089 1902 magistratus
1107 1816 1217 1882 civem

200 1907 384 1970 Romanum
412 1904 566 1968 adversus
594 1905 859 1988 provocationem
885 1908 1017 1970 necaret
1038 1926 1120 1969 neve
1142 1927 1217 1969 ver·
1282 1934 1283 1966 r

147 2011 182 2060 54
199 1995 337 2058 beraret.
373 1992 644 2057 Provocationem
666 1995 775 2056 autem
799 1992 898 2056 etiam
921 2015 942 2057 a
959 1992 1091 2078 regibus
1110 1992 1254 2058 fuisses
1282 1971 1283 2052 l

200 2082 367 2147 declarant
407 2080 567 2166 pontificii
606 2079 697 2163 libri,
738 2079 924 2165 significant
964 2081 1071 2145 nostri
1111 2081 1217 2146 etiarn
1282 2081 1283 2176 l

198 2173 312 2251 prro]
337 2171 519 2255 augurales,
540 2167 706 2252 litemque
730 2169 771 2232 ab
795 2169 885 2232 omni
906 2168 1024 2235 iudicio
1042 2190 1216 2254 poenaque

199 2258 370 2344 provocari
394 2258 490 2322 licere
512 2256 657 2321 indicant
679 2275 731 2321 ΧΠ
753 2256 886 2321 tabulae
904 2258 1113 2341 conpluribus
1132 2258 1216 2344 legi·

199 2348 274 2431 bus,
298 2349 331 2410 et
354 2345 440 2430 quod
462 2345 628 2430 proditum
651 2346 827 2409 memoriae
851 2346 1065 2429 est,xvi10S,
1088 2346 1145 2430 qui
1170 2347 1216 2410 le

200 2457 257 2522 ges
281 2433 480 2518 scripserint,
504 2433 572 2497 sine
591 2433 822 2517 provocatione
842 2437 978 2516 creatos,
1002 2435 1083 2498 satis
1102 2437 1214 2500 osten·
1229 2450 1253 2492 2⁵

200 2524 284 2588 derit
302 2523 446 2606 reliquos
461 2523 530 2586 sine
543 2521 774 2605 provocatione
788 2521 1002 2606 magistratus
1016 2544 1083 2587 non
1095 2521 1215 2608 fuisse;

198 2611 353 2696 Luciique
376 2609 501 2675 Valerii
523 2609 626 2673 Potiti
653 2613 687 2672 et
708 2608 752 2672 M.
775 2608 907 2673 Horatii
929 2608 1080 2694 Barbati,
1107 2610 1215 2678 homi-

199 2722 278 2764 num
300 2698 490 2764 concordiae
514 2718 611 2762 causa
634 2697 798 2782 sapienter
821 2697 1042 2783 popularium,
1064 2702 1215 2766 consula

199 2816 226 2868 p.
248 2788 313 2867 120]
337 2786 382 2850 ris
410 2787 463 2850 lex
490 2786 612 2868 sanxit,
635 2785 641 2868 Ι
665 2806 706 2849 ne
729 2785 786 2869 qui
808 2785 1022 2871 magistratus
1038 2785 1115 2852 'sinc
1137 2811 1215 2873 pro·

199 2875 368 2941 vocatione
397 2877 575 2956 crearetur;
603 2894 709 2956 neque
735 2895 812 2938 vero
840 2874 930 2960 leges
953 2873 1100 2958 Porciae,
1127 2898 1214 2960 quae
1229 2895 1254 2934 ³0

199 2967 267 3028 tres
291 2965 367 3027 sunt
389 2963 490 3026 trium
511 2960 713 3043 Porciorum,
734 2965 773 3025 ut
796 2961 901 3046 scitis,
925 2962 1097 3046 quicquam
1118 2987 1214 3049 prae·

147 3065 180 3114 5⁶
199 3055 251 3115 ter
273 3049 474 3115 sanctionem
495 3049 676 3113 attulerunt
694 3049 779 3114 novi.
814 3048 930 3134 Itaque
948 3050 1118 3119 Publicola
1136 3054 1213 3139 lege

198 3139 258 3202 illa
281 3138 320 3202 de
339 3138 569 3223 provocatione
588 3138 716 3221 perlata
734 3137 848 3201 statim
867 3139 988 3203 securis
1007 3139 1046 3203 de
1063 3139 1211 3206 fascibus

199 3225 285 3289 demi
296 3225 393 3290 iussit
401 3225 623 3310 postridieque
631 3225 695 3289 sibi
704 3226 865 3311 collegam
876 3223 929 3310 Sp.
938 3225 1125 3292 Lucretium
1135 3231 1212 3294 sub-

198 3313 329 3399 rogavit
343 3334 483 3397 suosque
502 3313 544 3377 ad
562 3335 644 3395 eum,
663 3313 835 3397 quoderat
852 3314 957 3379 maior
970 3319 1059 3400 natu,
1077 3316 1211 3383 lictores
1225 3335 1253 3375 ³⁵

198 3429 226 3481 p.
246 3402 311 3480 185]
335 3402 474 3464 transire
496 3398 602 3486 inslsit
624 3400 830 3483 instituitque
853 3401 986 3485 primus,
1008 3406 1046 3465 ut
1070 3405 1210 3489 singulis

198 3486 384 3552 consulibus
421 3488 556 3552 alternis
590 3488 757 3552 mensibus
789 3488 921 3553 lictores
953 3490 1131 3573 praeirent,
1167 3514 1210 3558 ne
