2610 3894
175 95 240 160 152
523 94 572 149 DE
591 93 838 150 DIVINATIONE

217 239 418 324 Multaque
440 239 597 304 misceri
618 243 810 305 nocturna
832 241 966 325 strage
988 237 1155 325 putasti,
1298 305 1299 320 ἓ

219 326 325 404 Quod
356 326 477 393 ferme
510 327 632 392 dirum
664 327 705 392 in
735 331 887 412 tempus
916 327 1090 392 cecidere
1117 328 1189 393 La·
1298 367 1299 420 ,

975 416 1097 500 tinae,
1298 421 1299 440 ¹

218 503 309 571 Cum
332 505 477 570 claram
500 503 669 589 speciem
692 506 874 569 concreto
896 499 1043 569 lumine
1065 505 1158 569 luna
1298 541 1299 584 ἦ

218 592 1187 676 Abdiditetsubitostellantinocteperemptaest.
1298 585 1299 610 ³

219 679 318 757 Quid
339 701 430 746 vero
453 679 602 746 Phoebi
623 679 703 764 fax,
725 679 860 744 tristis
882 679 1019 744 nuntia
1041 680 1152 764 belli,
1216 699 1231 740 s

219 767 321 846 Quae
348 789 528 854 magnum
554 768 600 834 ad
622 768 799 834 columen
820 767 1024 833 flammato
1048 769 1187 834 ardore
1298 815 1299 820 η

921 857 1083 922 volabat

218 943 457 1030 Praecipitis
476 944 576 1010 caeli
593 943 720 1029 partis
735 943 943 1028 obitusque
960 907 1187 1030 petesdens?

218 1034 297 1098 Aut
319 1055 403 1098 cum
424 1032 604 1097 terribili
626 1032 829 1117 perculsus
850 1031 1016 1097 fulmine
1039 1032 1137 1098 civis

218 1120 317 1187 Luce
341 1120 541 1185 serenanti
563 1120 707 1185 vitalia
729 1119 877 1185 lumina
898 1120 1041 1205 liquit?

219 1209 297 1274 Aut
310 1231 393 1275 cum
407 1230 446 1274 se
461 1208 622 1295 gravido
637 1208 858 1273 tremefecit
870 1231 1030 1294 corpore
1042 1209 1186 1274 tellus?
1203 1232 1230 1271 ro

218 1297 299 1363 lam
321 1319 411 1362 vero
434 1296 568 1362 rar-iae
589 1300 782 1362 nocturno
806 1299 981 1382 tempore
1004 1297 1110 1362 visae

219 1385 436 1451 Terribiles
467 1385 615 1450 formae
647 1384 795 1449 bellum
826 1389 1030 1469 motusque
1060 1407 1188 1452 monc-
1298 1387 1299 1394 ’

482 1530 485 1534 .
990 1474 1098 1558 bant,

218 1563 419 1646 Multaque
441 1583 508 1646 per
530 1565 659 1626 terras
681 1564 793 1627 vates
816 1561 948 1627 oracla
970 1561 1120 1627 furenti

217 1651 381 1717 Pectore
408 1649 625 1715 fundebant
651 1649 784 1714 tristis
811 1648 1039 1714 minitantia
1061 1671 1187 1734 casus,

218 1740 346 1827 Atque
377 1760 433 1823 ea,
469 1759 564 1822 quae
593 1737 708 1822 lapsu
739 1737 892 1802 tandem
923 1737 1094 1803 cecidere
1126 1755 1227 1803 ve-1s

974 1829 1082 1892 tusto
1298 1879 1299 1882 η

171 1932 172 1937 ’
218 1913 321 1980 Haec
359 1914 442 1979 fore
478 1914 681 1999 perpetuis
718 1912 844 1999 signis
882 1877 1188 1999 clarisque⁷fre·
1298 1905 1299 1954 ἕ

908 2006 1096 2086 quentans

218 2089 307 2175 Ipse
330 2089 439 2154 deum
462 2089 619 2175 genitor
641 2089 750 2155 eaelo
773 2090 968 2174 terrisque
991 2091 1164 2156 canebat.

218 2177 327 2244 Nunc
350 2199 407 2263 ea,
429 2176 627 2261 Torquato
647 2199 743 2262 quae
762 2178 952 2262 quondam
972 2181 1009 2243 et
1027 2179 1187 2245 consule
1298 2257 1299 2262 γ

503 2283 505 2288 ’
979 2265 1097 2331 Cotta

218 2353 359 2440 Lydius
384 2352 561 2418 ediderat
583 2353 805 2438 Tyrrhenae
828 2354 957 2440 gentis
979 2354 1187 2441 haruspex,

219 2442 355 2509 Omnia
366 2441 450 2506 fixa
463 2444 556 2506 tuus
570 2442 791 2527 glomerans
807 2441 1041 2508 determinat
1055 2465 1186 2508 annus.
1200 2461 1227 2500 2⁰

218 2531 315 2598 Nam
332 2533 445 2617 pater
464 2529 683 2594 altitonans
698 2530 884 2594 stellanti
895 2529 1008 2596 nixus
1022 2529 1185 2616 Olympo

218 2619 307 2705 Ipse
326 2640 415 2684 suos
436 2617 626 2702 quondam
639 2618 810 2683 tumulos
825 2640 866 2683 ac
879 2619 1028 2704 templa
1040 2620 1187 2704 petivit

218 2708 268 2773 Et
291 2706 532 2793 Capitolinis
554 2705 695 2772 iniecit
719 2705 875 2770 sedibus
898 2706 1011 2792 ignis.

219 2796 312 2863 Tum
326 2795 533 2881 speciesex
547 2794 1186 2879 sereretusvenerataqueNattae

219 2883 414 2968 Concidit,
442 2883 679 2968 elapsaeque
706 2885 864 2947 vetusto
886 2882 1040 2948 numine
1063 2884 1225 2972 legem

218 2971 269 3037 Et
292 2973 420 3038 divom
444 2971 654 3036 simulacra
675 2970 841 3056 peremit
862 2970 1039 3036 fulminis
1063 2973 1186 3038 ardor.

219 3059 292 3126 Hie
314 3059 515 3125 silvestris
539 3062 623 3124 erat
645 3058 808 3124 Romani
828 3059 996 3124 nominis
1020 3060 1156 3145 altrix,

218 3148 374 3232 Martia,
403 3170 497 3233 quae
524 3168 665 3232 parvos
687 3145 879 3213 Mavortis
903 3146 1049 3212 semine
1071 3153 1185 3214 natos

217 3235 413 3302 Uberibus
438 3235 613 3322 gravidis
636 3235 754 3300 vitali
776 3256 863 3300 rore
886 3235 1058 3321 rigabat3

219 3321 320 3399 Quae
338 3328 419 3389 tum
438 3347 520 3390 cum
538 3323 670 3409 pueris
687 3322 890 3389 flammato
909 3322 1088 3389 fulminis
1107 3325 1187 3391 ictu
1201 3341 1226 3382 ³⁰

218 3410 399 3478 Concidit
422 3415 538 3497 atque
556 3411 693 3476 avolsa
710 3412 848 3496 pedum
866 3411 1039 3498 vestigia
1057 3412 1186 3497 liquit.
