2610 3894
187 133 230 200 58
498 133 549 187 DE
566 133 720 188 NATURA
737 133 894 188 DEORUM

187 277 294 344 omnis
317 277 430 361 oritur,
452 277 482 343 is
506 281 617 343 autem
640 277 737 342 ardor
758 299 826 342 non
848 277 955 342 alieno
979 277 1121 362 inpulsu,
1144 276 1211 350 sed

187 388 247 430 sua
274 370 391 450 sponte
418 370 581 451 movetur,
610 365 736 431 animus
760 366 804 430 sit
826 387 957 431 neccsse
987 369 1050 449 est3
1074 388 1114 430 ex
1137 387 1209 450 quo

187 454 327 519 efficitur
350 453 552 519 animantem
570 476 641 520 esse
659 454 824 519 mundum.
856 454 967 538 Atque
985 475 1025 518 ex
1043 454 1107 519 hoc
1126 475 1210 537 quc-

188 564 249 626 que
272 542 422 629 intellegi
443 542 567 627 poterit
586 542 622 606 in
639 563 677 606 ec
695 543 802 607 inesse
819 541 1092 628 intellegentiam,
1116 541 1210 626 quod

187 633 274 696 certe
298 634 349 695 est
372 631 510 696 mundus
533 630 650 695 melior
674 652 771 714 quam
793 631 864 695 ulla
883 633 1012 695 natura
1048 628 1097 694 Ut
1116 631 1210 694 enim
1237 647 1249 686 ⁵

185 719 279 784 nulla
300 741 378 804 pars
402 722 453 783 est
476 719 622 803 corporis
644 718 765 802 nostri,
793 740 875 804 qnae
897 740 965 783 non
986 718 1125 783 minoris
1149 719 1210 802 sit,

188 829 286 892 quam
321 811 452 872 nosmet
487 807 553 892 ipsi
588 827 713 890 eumue,
750 807 797 872 sic
828 807 984 871 mundum
1013 807 1210 871 universum

186 895 291 980 pluris
315 916 386 960 esse
403 915 534 960 neccsse
553 898 604 959 est
622 917 720 979 quarn
737 898 867 980 partem
886 895 1031 979 aliquam
1048 894 1209 959 universi.

187 982 280 1059 Quod
304 983 333 1048 si
350 983 399 1048 ita
417 986 476 1066 est,
500 983 628 1067 sapiens
647 983 692 1047 sit
710 983 850 1047 mundus
867 1005 999 1048 necesse
1018 987 1078 1048 est.
1115 982 1209 1048 Nam

186 1071 221 1135 ni
243 1071 292 1136 ita
319 1074 418 1155 esset,
441 1070 617 1155 hominem,
640 1071 696 1156 qui
719 1075 770 1135 est
794 1071 906 1135 mundi
931 1092 1023 1156 pars,
1047 1071 1248 1155 quoniame

187 1159 325 1224 rationis
346 1161 415 1225 'est
447 1159 626 1245 particeps,
663 1159 768 1244 pluris
805 1181 876 1224 esse
911 1181 1010 1244 quam
1044 1159 1208 1224 mundum

134 1261 167 1310 33
187 1269 317 1312 omnem
343 1250 519 1332 oporteret.
564 1247 674 1331 Atque
697 1247 811 1332 etiam,
839 1247 868 1312 si
891 1270 912 1312 a
933 1247 1049 1332 primis
1071 1247 1208 1312 inchoa·

186 1336 295 1420 tisque
321 1335 449 1402 naturis
477 1335 520 1400 ad
546 1335 680 1400 ultimas
705 1336 931 1421 perfectasque
953 1335 1106 1402 volumus
1130 1358 1208 1421 pro-

187 1424 311 1508 cedere,
340 1424 380 1489 ad
404 1425 538 1489 deorum
563 1427 716 1489 naturam
738 1424 965 1508 perveniamus
986 1445 1119 1489 neccsse
1144 1429 1207 1489 est.

185 1511 333 1577 Primum
361 1511 448 1577 enim
475 1512 765 1578 animadvertimus
793 1535 813 1578 a
834 1515 954 1577 natura
976 1512 1133 1578 sustineri
1157 1529 1246 1596 ea,1⁵
1277 1547 1278 1565 κ

188 1623 269 1685 quae
299 1601 479 1687 gignantur
508 1622 527 1665 e
554 1603 656 1684 terra,
687 1600 804 1684 quibus
832 1605 951 1666 natura
977 1601 1061 1665 nihil
1084 1601 1208 1666 tribuit

187 1689 341 1774 ampliuS,
370 1711 466 1774 quam
490 1691 528 1753 ut
551 1710 590 1753 ea
613 1689 729 1754 alendo
753 1693 851 1774 atque
874 1689 1022 1775 augendo
1046 1693 1206 1754 tueretur.

133 1789 168 1838 34
186 1777 308 1842 Bestiis
337 1781 446 1844 autem
474 1799 605 1842 sensum
633 1780 668 1841 et
693 1780 820 1842 motum
847 1777 937 1842 dedit
962 1782 996 1842 et
1023 1799 1097 1843 cum
1126 1800 1207 1862 quo

186 1866 262 1932 darn
290 1866 438 1951 adpetitu
461 1887 627 1931 accessum
650 1866 766 1930 adres
790 1866 965 1949 salutares,
994 1888 1014 1931 a
1036 1866 1206 1952 pestiferis

186 1976 363 2038 recessum3
384 1954 448 2021 hoc
466 1953 591 2019 homini
610 1953 761 2038 amplius
781 1953 868 2038 quod
886 1953 1011 2018 addidit
1028 1955 1204 2039 rationem,
1219 1971 1244 2010 2⁰

187 2065 252 2128 qua
278 2046 469 2128 regerentur
492 2041 594 2108 animi
617 2042 796 2126 adpetitus,
825 2041 881 2127 qui
903 2045 975 2107 turn
997 2043 1205 2108 remitteren·
1277 2095 1278 2118 ,

138 2132 176 2198 13
186 2135 249 2214 tur,
271 2133 344 2195 tum
365 2131 618 2198 continerentur.
655 2128 797 2205 Quartus
820 2134 931 2195 autem
953 2131 1075 2216 gradus
1094 2133 1147 2196 est
1171 2135 1207 2196 et
1277 2189 1278 2208 ,

187 2219 368 2284 altissimus
399 2237 525 2298 eorum,
555 2219 612 2302 qui
639 2222 760 2284 natura
789 2218 867 2284 boni
898 2219 1127 2304 sapientesque
1157 2221 1206 2306 gi·
1277 2213 1278 2302 l

187 2311 346 2394 gnuntur,
383 2307 501 2392 quibus
536 2326 560 2374 a
587 2306 748 2392 principio
780 2306 961 2372 innascitur
991 2307 1078 2372 ratio
1110 2313 1206 2373 recta
1277 2325 1278 2380 ζ

186 2400 413 2480 constansque,
437 2417 519 2480 quae
542 2416 641 2480 supra
659 2394 825 2460 hominem
842 2395 989 2481 putanda
1007 2399 1058 2460 est
1076 2396 1205 2480 deoque
1219 2413 1242 2453 2⁵

187 2484 369 2568 tribuenda,
390 2483 424 2548 id
448 2487 499 2548 est
516 2483 645 2566 mundo,
666 2482 703 2549 in
722 2505 786 2568 quc
803 2504 934 2548 necesse
953 2486 1004 2548 est
1021 2484 1205 2569 perlectam

135 2585 169 2634 sc
188 2572 281 2638 illam
304 2575 403 2656 atque
425 2573 612 2637 absolutam
634 2571 740 2637 inesse
762 2571 932 2636 rationem.
977 2569 1093 2656 Neque
1114 2574 1206 2639 enim
1277 2619 1278 2628 η

188 2661 250 2727 dici
272 2663 384 2746 potest
405 2660 441 2725 in
462 2660 532 2726 ulla
549 2681 658 2725 rerum
675 2660 883 2725 institutione
900 2681 968 2725 non
986 2681 1057 2725 esse
1076 2661 1205 2746 aliquid

188 2753 369 2815 extremum
397 2753 495 2833 atque
522 2749 711 2833 perfectum.
757 2746 804 2812 'Ut
827 2748 913 2812 enim
935 2748 971 2812 in
993 2748 1073 2833 vite,
1106 2751 1206 2814 utin
1277 2797 1278 2800 ,

186 2838 320 2921 pecude,
347 2837 412 2902 nisi
439 2859 521 2921 quae
547 2836 599 2902 ris
622 2835 766 2920 obstitit,
794 2836 940 2900 videmus
963 2840 1116 2902 naturam
1141 2860 1203 2904 suo
1217 2857 1241 2896 ³⁰

188 2925 329 3008 quodam
346 2925 462 2990 itinera
481 2925 523 2989 ad
541 2924 693 2989 ultimum
711 2924 889 3009 pervenire,
909 2928 1007 3009 atque
1020 2929 1058 2989 ut
1071 2927 1204 3010 pictura

188 3016 220 3076 ct
248 3012 374 3077 fabrica
399 3017 590 3096 ceteraeque
612 3016 701 3076 artes
724 3012 848 3078 habent
871 3013 1032 3096 quendam
1055 3015 1204 3080 absoluti

187 3101 295 3184 operis
324 3101 486 3184 effectum,
514 3100 618 3166 sicin
641 3099 731 3164 omni
751 3103 883 3184 natura,-
912 3123 949 3167 ac
972 3103 1076 3167 multo
1101 3105 1201 3170 etiam

187 3188 304 3274 magis,
325 3209 456 3252 necesse
480 3190 531 3252 cst
553 3187 681 3252 absolvi
704 3187 826 3271 aliquid
851 3210 889 3255 ac
911 3191 1031 3274 perfici.
1066 3190 1203 3259 Etenim

187 3275 303 3340 ceteris
326 3276 453 3340 naturis
477 3275 582 3341 multa
605 3278 746 3359 externa,
770 3297 835 3360 quo
853 3277 961 3342 minus
979 3279 1201 3366 perficiantur,
1214 3297 1238 3339 cs

186 3367 324 3449 possunt
342 3363 511 3448 obsistere,
534 3363 719 3428 universam
738 3368 848 3430 autem
865 3369 1018 3431 naturam
1035 3369 1131 3434 nulla
1148 3391 1201 3435 res

186 3453 297 3534 potest
323 3450 493 3535 impedire,
522 3454 698 3536 propterea
726 3452 812 3535 quod
838 3453 944 3519 omnis
967 3459 1103 3521 naturas
1127 3458 1201 3540 ipsa
