2630 3890
353 109 422 164 ara.
442 110 463 167 1.
488 109 563 164 cAP.
582 114 696 164 as-ao.
713 115 731 175 ,e
750 115 863 164 sa-ee.
1054 109 1118 174 169

105 258 364 338 saturataque
387 253 574 319 bonarum
592 254 879 339 cogitationum
898 252 1037 338 apulia,
1061 275 1119 318 ea-

106 365 177 428 que
210 345 322 428 parte
356 342 487 426 animi,
520 363 616 426 quae
647 342 853 426 voluptate
885 342 1019 426 alitur,
1050 363 1118 406 nec

104 432 239 516 inopia
267 434 402 496 enecta
427 452 495 495 nec
524 430 711 495 satietate
735 430 922 495 affluenti
945 426 1120 514 (quorum

105 524 309 603 utrumque
345 518 640 603 praestringere
678 518 798 583 aciem
832 517 972 583 mentis
1004 518 1119 599 solet,

78 609 189 674 ssive
217 608 325 672 deest
352 610 516 672 naturae
544 607 742 692 quippiam
765 606 847 671 sive
871 606 1041 670 abundat
1064 608 1119 670 at·

107 718 178 781 que
207 692 375 781 affluit),
402 696 476 760 illa
503 697 619 760 etiam
646 695 767 760 tertia
788 699 900 780 parte
924 694 1054 778 animi,
1081 694 1121 758 in

107 807 181 868 qua
216 784 362 848 irarum
399 783 536 848 existit
573 784 699 868 ardor,
741 784 875 848 sedata
912 785 1027 866 atque
1064 803 1120 846 re-

108 874 268 956 stincta,
298 875 377 936 tum
405 872 557 936 eveniet
585 872 732 942 duabus
757 871 875 936 animi
897 870 1120 935 temerariis

106 960 290 1046 partibus
313 960 561 1044 compressis,
584 963 626 1024 ut
648 959 719 1024 illa
742 960 863 1024 tertia
884 980 976 1043 pars
999 958 1120 1022 ratio-

68 1071 94 1110 ιο
107 1050 167 1114 nis
198 1051 236 1112 et
266 1048 406 1113 mentis
437 1048 589 1113 eluceat
620 1051 658 1112 et
687 1070 726 1112 se
753 1051 932 1134 vegetam
955 1046 1001 1111 ad
1024 1068 1121 1111 som-

107 1137 291 1202 niandum
314 1158 515 1219 acremque
533 1136 735 1220 praebeat,
758 1139 837 1200 tum
862 1135 898 1200 ei
915 1135 999 1200 visa
1018 1135 1122 1218 quie·

108 1225 162 1290 tis
190 1228 395 1290 occurrent
422 1224 640 1308 tranquilla
668 1229 783 1308 atque
810 1222 986 1289 veracia?
1031 1222 1122 1289 Haec

109 1314 210 1379 verba
232 1314 305 1398 ipsa
326 1312 476 1378 Platonis
500 1312 651 1397 expressi

175 1400 354 1486 Epicurum
382 1401 496 1487 igitur.
512 1401 678 1466 audiemus
702 1399 834 1485 potius?
871 1399 1022 1483 Namque
1045 1381 1176 1507 Car-{2

68 1511 94 1552 15
108 1491 238 1564 neades
264 1488 514 1556 concertationis
547 1489 656 1555 studio
684 1489 779 1554 modo
807 1489 884 1573 hoc,
916 1489 1012 1553 modo
1040 1487 1122 1553 illud

110 1578 171 1662 ait;
193 1578 258 1662 ille,
283 1579 368 1661 quod
392 1577 506 1661 sentit3
529 1577 630 1642 sentit
653 1581 763 1642 autem
784 1577 869 1640 nihil
887 1598 1042 1659 umquam
1062 1577 1123 1641 ele·

110 1688 206 1752 gans,
236 1666 320 1730 nihil
349 1666 509 1731 decorum.
553 1664 649 1730 Hunc
677 1687 755 1751 ergo
784 1668 961 1750 antepones
990 1664 1123 1729 Platoni

111 1757 144 1820 et
158 1753 307 1819 Socrati?
332 1754 387 1838 qui
405 1757 443 1818 ut
461 1753 622 1822 rationem
639 1776 706 1818 non
724 1753 903 1836 redderent,
927 1753 1123 1818 auctoritate

110 1848 222 1908 tamen
244 1842 305 1908 hos
329 1844 473 1907 minutos
497 1842 711 1926 philosophos
734 1842 909 1907 vincerent.
945 1839 1041 1906 Iubet
1064 1841 1123 1927 igi-

69 1953 96 1994 ao
110 1935 164 1996 tur
181 1931 278 1996 Plato
298 1931 345 2017 sie
363 1931 403 1995 ad
422 1952 572 1995 somnum
590 1930 751 2014 proficisci
769 1930 959 2014 corporibus
979 1929 1124 2014 adfectis,

110 2024 147 2085 ut
169 2019 253 2084 nihil
278 2020 334 2103 sit,
365 2019 451 2103 quod
474 2040 616 2083 errorem
640 2018 756 2082 animis
779 2019 1124 2104 perturbationemque

110 2107 245 2174 adferat.
290 2107 340 2171 Ex
371 2129 434 2191 quo
466 2107 565 2171 etiam
591 2105 802 2192 Pythagoriis
831 2106 1040 2172 interdictum
1066 2130 1124 2192 pu-

110 2200 214 2280 tatur,
244 2216 286 2260 ne
317 2195 395 2260 faba
427 2198 646 2278 vescerentur,
680 2194 766 2279 quod
795 2193 896 2260 habet
922 2195 1124 2260 inflationem

110 2306 265 2370 magnam
288 2283 317 2348 is
340 2283 430 2349 cibus
454 2283 689 2367 tranquillitati
713 2283 830 2348 mentis
855 2284 1024 2367 quaerenti
1047 2305 1125 2348 vera

69 2392 96 2433 aa
111 2373 318 2438 contrariam.
364 2370 447 2437 Oum
474 2392 552 2457 ergo
581 2374 631 2436 est
659 2393 772 2438 somno
801 2375 972 2437 sevocatus
996 2371 1177 2436 animosae

110 2483 131 2528 a
161 2461 316 2525 societate
346 2463 380 2524 et
409 2482 429 2525 a
458 2459 652 2546 contagione
682 2460 840 2545 corporis,
874 2462 945 2524 tum
976 2459 1124 2523 meminit

110 2549 370 2634 praeteritorum,
393 2548 578 2632 praesentia
596 2550 708 2632 cernit,
725 2548 837 2613 futura
854 2547 1018 2632 providet3
1040 2547 1125 2611 iacet

111 2637 198 2702 enim
230 2659 346 2721 corpus
379 2635 569 2701 dormientis
600 2639 638 2701 ut
669 2637 804 2720 mortui,
836 2636 927 2722 viget
955 2638 1064 2699 autem
1092 2638 1125 2699 et

110 2725 194 2791 vivit
226 2726 361 2790 animus.
407 2723 501 2799 Quod
530 2726 634 2789 multo
669 2725 775 2810 magis
804 2724 904 2789 faciet
934 2726 1011 2808 post
1041 2745 1125 2788 mor·

69 2832 96 2872 ao
110 2816 192 2897 tem,
223 2836 295 2878 cum
323 2813 454 2878 omnino
483 2835 617 2897 corpore
646 2812 826 2878 excesserit.
871 2810 988 2896 Itaque
1011 2812 1125 2896 adpro·

111 2901 289 2987 pinquante
312 2906 418 2966 morte
437 2901 541 2966 multo
561 2901 611 2966 est
630 2901 777 2966 divinior.
808 2899 896 2966 Nam
915 2904 948 2965 et
966 2899 1000 2965 id
1017 2899 1125 2984 ipsum

110 2990 236 3073 vident,
267 2990 323 3074 qui
355 2993 431 3053 sunt
463 2991 577 3055 morbo
609 2990 703 3075 gravi
733 2992 766 3054 et
796 2986 966 3054 mortifero
997 2987 1125 3070 adfecti,

13 3124 16 3144 .
110 3078 234 3144 instare
259 3081 413 3161 mortem3
439 3078 550 3162 itaque
573 3077 614 3143 iis
638 3081 810 3144 occurrunt
833 3078 1024 3162 plerumque
1046 3077 1126 3141 ima-

13 3179 14 3216 l
112 3167 204 3253 gines
227 3170 440 3249 mortuorum,
467 3169 601 3250 tumque
623 3167 677 3231 vel
700 3187 849 3230 maxume
871 3165 961 3230 laudi
984 3166 1126 3250 student,

13 3305 14 3312 κ
71 3272 97 3313 ³5
112 3277 239 3340 eosque,
269 3255 326 3340 qui
349 3274 454 3337 aecae,
478 3275 576 3338 quam
599 3253 714 3338 decuit,
737 3254 895 3338 vixerunt,
918 3257 1126 3339 peccatorum

13 3342 14 3422 l
112 3364 244 3408 suorum
272 3346 344 3408 tum
371 3364 521 3407 maxume
548 3343 703 3427 paenitet.
748 3342 903 3407 Divinare
926 3346 1036 3407 autem
1059 3364 1126 3407 mo·
1145 3354 1179 3403 64

13 3425 14 3496 ἐ
110 3431 232 3497 tientes
255 3432 313 3497 illo
338 3431 439 3496 etiam
462 3432 609 3516 exemplo
624 3431 796 3496 confirmat
813 3429 1016 3516 Posidonius,
1041 3430 1127 3515 quod
