2578 3874
362 162 431 220 ΜΒ.
450 161 484 216 v.
505 161 582 217 cAP.
601 163 680 220 ΜΞ
704 169 816 229 ea-o.
1028 161 1093 227 363

79 308 157 370 tuta
179 304 323 392 legibue,
351 324 449 391 quam
471 307 677 391 verecundia,
704 327 802 390 quam
824 309 944 370 natura
965 304 1093 371 homini

81 393 171 458 dedit
195 395 288 478 quasi
309 394 469 479 quendam
486 394 736 480 vituperationis
755 416 821 459 non
838 395 980 459 iniustae
998 394 1093 458 timo·

80 504 161 546 rem.
201 481 295 548 Hanc
322 483 380 547 ille
397 486 514 566 rector
540 502 649 548 rerum
676 482 881 568 publicarum
908 482 999 547 auxit
1027 481 1102 566 opi·

79 569 234 635 nionibus
256 570 455 656 perfecitque
477 571 639 636 institutis
663 576 696 636 et
719 571 907 656 disciplinis,
930 574 968 634 ut
988 570 1095 655 pudor

51 659 169 723 scivis-
185 679 252 723 non
270 659 376 723 miuus
395 681 415 724 a
434 659 560 724 delictis
579 664 703 724 arceret
722 681 820 744 quam
839 663 954 723 metus.
984 659 1094 742 Atque

80 747 163 812 haec
182 745 188 830 Ι
209 746 337 832 quidem
366 747 407 813 ad
429 747 559 813 laudem
582 748 761 832 pertinent,
789 769 871 832 quae
894 744 958 812 dici
981 749 1022 828 [p.
1041 763 1093 810 200

80 834 184 899 latius
206 834 401 919 uberiusque
423 839 610 922 potuerunt.

149 921 202 987 Ad
220 923 322 988 vitam
342 928 451 988 autem
469 946 627 1009 usumque
640 925 769 990 vivendi
784 947 823 989 ea
837 924 993 1008 discripta
1007 923 1092 988 ratio

81 1015 135 1076 est
160 1011 255 1075 iustis
278 1012 416 1097 nuptiis,
444 1012 600 1098 legitimis
624 1013 751 1094 liberis,
779 1014 901 1078 sanctis
924 1013 1100 1097 penatium·

39 1119 65 1158 ιο
81 1100 216 1164 deorum
238 1098 424 1184 Larumque
451 1099 663 1167 familiarium
692 1101 835 1184 scdibua
864 1105 902 1166 ut
925 1121 1037 1165 omues
1060 1103 1097 1164 et'

80 1187 306 1254 communibus
339 1189 517 1254 commodis
549 1193 585 1256 et
615 1189 682 1254 suis
709 1194 892 1274 uterentur,
923 1211 983 1254 nec
1010 1189 1093 1253 bene

79 1276 149 1341 vivi
177 1276 245 1341 sine
273 1277 360 1342 bona
387 1298 423 1342 ra
450 1276 583 1361 publica
609 1282 723 1364 posset
743 1299 803 1342 nee
826 1297 896 1342 esso
920 1278 1093 1362 quicquam

80 1365 216 1429 civitate
243 1365 325 1429 bene
353 1366 532 1430 constituta
558 1366 695 1431 beatius.
736 1365 893 1442 Quocirca
915 1367 1093 1451 permirum

81 1447 164 1517 mihi
186 1453 290 1518 rideri
313 1453 406 1537 solet,
430 1475 512 1538 quae
535 1454 579 1518 ait
602 1458 696 1520 tanta
718 1454 792 1520 doc.
807 1505 815 1519 .
830 1505 859 1520 ..

39 1559 66 1600 15
150 1541 301 1606 Conoumc
324 1543 420 1625 tqttur
442 1561 531 1607 omne
550 1549 667 1625 tempus
684 1545 889 1621 cmsideroua
911 1547 1030 1625 quauta
1047 1515 1132 1639 cis}

10 1693 14 1704 ,
79 1631 124 1695 sit
144 1631 324 1709 illitterati,
346 1648 434 1712 quem
456 1633 571 1696 uostris
594 1633 682 1696 tibris
699 1633 777 1696 sutis
794 1632 961 1714 diliyeuteu
984 1636 1021 1696 ut
1037 1631 1093 1695 titt

80 1718 205 1799 quidem
225 1719 372 1796 uidemur,
394 1721 607 1802 exprmmmus,
646 1721 780 1784 Teneone
797 1721 902 1803 lydor,
924 1721 1092 1784 moderato·

80 1822 147 1870 rem
168 1807 264 1872 illum
280 1808 327 1870 rei
337 1807 481 1889 publicae
497 1827 556 1889 quo
573 1808 688 1889 referre
703 1808 831 1872 velimus
849 1809 977 1873 omaro?
1006 1808 1093 1872 Nam

79 1895 262 1975 sicquiato,
283 1897 458 1978 artoptam,
479 1897 516 1960 tu
538 1896 615 1962 latro
638 1898 773 1978 thultur
790 1895 911 1978 Scipio:
936 1895 983 1960 Ut
1006 1896 1092 1960 enim

37 2001 66 2041 20
82 1982 295 2069 gubernatori
317 2004 430 2049 cursus
449 1985 615 2069 secundus,
638 1985 762 2049 medico
782 1984 880 2067 salus,
902 1984 1099 2069 imperatori¹

81 2071 229 2155 victoria,
249 2071 296 2136 sio
314 2071 389 2136 huie
408 2072 605 2138 moderatori
624 2073 671 2137 rei
689 2072 840 2158 publicae
857 2073 956 2137 beata
974 2073 1093 2138 civium

80 2160 153 2223 vita
180 2159 350 2244 proposita
377 2165 441 2244 est,
471 2165 508 2225 ut
535 2163 651 2246 opibus
674 2162 783 2244 firma,
813 2161 915 2246 copiis
938 2162 1094 2244 locuples,

83 2247 193 2333 gloria
214 2248 338 2332 ampla,
364 2248 487 2313 virtute
509 2249 649 2314 honesta
672 2249 728 2332 sit3
758 2249 853 2314 huius
877 2249 963 2314 anim
987 2250 1093 2334 operis

81 2336 217 2400 maximi
244 2337 329 2400 inter
356 2335 504 2401 homines
533 2342 631 2422 atque
659 2338 775 2422 optimi
802 2338 896 2402 illum
925 2358 996 2402 esso
1023 2359 1094 2422 per·

38 2442 66 2482 25
80 2423 238 2489 tectorem
260 2425 345 2490 volo.
381 2424 501 2506 (Cicero
523 2428 566 2492 ud
586 2427 651 2492 Au.
684 2425 773 2489 VIII
790 2432 839 2491 11.
862 2427 906 2508 1.)

149 2511 194 2577 Et
217 2512 273 2577 ubi
296 2516 354 2596 est,
378 2513 464 2597 quod
487 2517 521 2578 et
543 2519 670 2579 vestrae
694 2513 940 2578 litteraeillum
958 2513 1095 2578 laudant

81 2601 209 2686 patriae
237 2604 410 2685 rectorem,
439 2602 496 2686 qui
518 2605 631 2687 populi
653 2601 791 2667 utilitati
814 2601 920 2686 magis
944 2603 1095 2666 consulat

83 2709 181 2773 quam
203 2689 389 2859 vol)untati?
424 2690 636 2773 (Aucustz'uus
657 2712 701 2774 ep.
724 2694 796 2756 104.
820 2695 842 2756 7
864 2695 921 2754 ext.
946 2691 982 2756 Τ.
1000 2691 1047 2754 II
1059 2711 1094 2772 p.

81 2783 151 2846 292
172 2778 252 2842 Bau.

38 2881 68 2922 ω
150 2866 261 2930 utam
281 2867 405 2932 uacua
425 2867 496 2932 arne
518 2869 716 2933 aeumlao
732 2888 796 2932 noa
807 2869 917 2950 poure
929 2869 964 2931 a
982 2835 1132 2961 eaaaag

83 2954 184 3033 latria,
212 2974 288 3036 quos
313 2957 350 3021 de
375 2973 409 3021 re
431 2957 558 3038 partlicu
584 2957 720 3040 sempsit,
748 2957 803 3020 ubi
831 2957 966 3037 thuc‘tur
986 2956 1023 3020 de
1044 2957 1093 3020 iu·

81 3044 233 3108 stiuaeudo
259 3045 402 3126 panope
433 3045 577 3122 ciuitut',
613 3064 702 3126 quem
732 3045 809 3109 dicit
839 3043 990 3108 alendum
1022 3064 1093 3108 ease

83 3129 199 3216 gloria,
221 3137 251 3196 ct
271 3138 483 3214 consequenter
503 3137 717 3198 commemorat
734 3132 873 3197 maiores
893 3153 968 3196 suos
988 3131 1094 3197 multa

82 3219 167 3284 mira
185 3223 284 3303 atque
301 3221 470 3306 praeclara
489 3221 614 3306 gloriae
627 3220 805 3305 cupiditate
817 3219 941 3286 fecisse.
970 3220 1096 3304 (Atqu

38 3323 67 3364 ³⁵
81 3309 183 3372 otique
205 3310 242 3372 de
263 3309 317 3373 civ.
340 3311 390 3374 dei
417 3310 531 3392 1⁷13.)

152 3396 275 3461 Tullius
301 3398 337 3461 iu
364 3398 453 3462 libris
473 3399 510 3462 de
531 3416 565 3462 rc
580 3398 707 3480 publico
728 3399 852 3480 scripsit
872 3399 986 3463 scilicet
1006 3397 1094 3482 prin·

81 3482 187 3570 cipem
210 3484 354 3549 civitatis
377 3485 483 3571 gloria
506 3507 577 3550 esse
600 3486 760 3557 alendum.
783 3490 816 3550 et
838 3490 908 3551 tam
931 3487 986 3551 diu
1005 3490 1093 3550 stare

1112 974 1127 1021 'I
