2596 3882
172 111 238 176 312
533 109 582 164 na
601 108 649 164 aa
667 108 823 164 rnanron
920 155 923 163 Δ

171 283 199 336 p.
214 256 280 332 242]
298 254 334 320 in
355 254 389 318 id
407 254 572 319 saeculum
590 253 722 318 Romuli
741 252 855 318 cecidit
874 256 974 337 aetas,
996 275 1069 319 oum
1089 258 1094 339 Ι
1114 259 1180 320 iam

170 344 270 427 plena
292 341 429 408 Graecia
450 346 621 427 poetarum
640 345 673 406 et
692 341 888 406 musicorum
907 347 994 406 esset
1011 343 1180 427 minorque

169 431 292 496 fabulis
313 431 379 495 nini
402 431 440 495 de
463 430 627 496 veteribus
650 431 746 495 rebus
769 429 945 494 haberetur
967 430 1055 495 fides.
1093 430 1181 496 Nam

171 523 301 585 centum
329 523 361 584 et
391 523 465 584 octo
489 517 581 584 annis
605 521 780 603 postquam
802 516 969 603 Lycurgus
993 519 1081 604 leges
1104 519 1182 584 scri-

170 608 247 673 bere
274 607 432 691 instituit,
458 607 565 691 prima
586 606 695 691 posita
719 609 769 670 est
792 606 969 691 Olympias,
992 611 1089 691 qua‘m
1113 607 1212 690 qui-⁵

171 696 246 761 dam
277 695 418 760 nominis
446 716 555 759 errore
583 694 624 758 ab
654 694 766 759 eodem
792 693 940 779 Lycurgo
968 695 1184 760 constitutam

170 786 302 869 putant3
332 783 511 848 Homerum
540 786 662 865 autem,
692 783 748 867 qui
774 782 944 847 minimum
968 783 1091 867 dicunt,
1120 783 1185 868 Ly·
1270 807 1271 836 l

119 886 152 935 19
172 873 264 958 curgi
292 872 394 936 aetati
420 871 560 956 triginta
582 871 675 936 annis
699 874 901 955 anteponunt
922 871 999 935 fere.
1043 871 1094 935 Ex
1116 893 1184 956 quo

171 991 198 1041 p.
218 962 283 1042 301]
306 960 456 1045 intellegi
473 963 585 1044 potest
601 958 772 1043 permultis
792 959 885 1024 annis
904 957 988 1046 anlte
1002 959 1185 1025 Homerum

170 1049 272 1114 fuisse
302 1070 400 1132 quam
422 1047 612 1131 Romulum,
642 1051 678 1111 ut
707 1047 774 1112 iam
802 1047 905 1112 doctis
934 1047 1120 1113 hominibus
1144 1066 1226 1114 ac1⁰

171 1136 373 1221 temporibus
396 1135 477 1220 ipsis
501 1135 635 1200 eruditis
659 1135 701 1201 ad
722 1135 910 1221 fingendum
931 1135 986 1200 vix
1009 1137 1186 1220 quicquam
1274 1131 1275 1158 ¹

172 1228 259 1290 esset
276 1224 348 1289 loci.
380 1223 570 1307 Antiquitas
590 1224 675 1288 enim
694 1224 816 1308 recepit
829 1223 959 1288 fabulas
973 1224 1067 1289 fictas
1081 1224 1185 1289 etiam
1275 1229 1276 1280 l

171 1336 237 1378 non
255 1309 442 1398 numqulam
460 1312 631 1397 incondite,
650 1312 730 1377 haec
745 1316 835 1376 aetas
850 1315 959 1376 autem
973 1313 1039 1376 iam
1053 1313 1186 1378 exculta
1276 1328 1277 1360 ³

172 1401 365 1487 praesertim
393 1401 524 1465 eludens
553 1423 660 1484 omne,
689 1401 775 1484 quod
802 1400 874 1465 fieri
895 1422 962 1466 non
983 1404 1108 1485 potest,
1121 1422 1185 1474 ¹re·

173 1489 270 1575 spuit.
308 1488 519 1572 (Augustinus
540 1491 577 1554 de
598 1490 653 1554 cic.
676 1490 725 1554 dei
746 1489 861 1552 XXII
880 1488 924 1572 6.)
1199 1506 1227 1547 ιι

119 1591 154 1640 20
172 1607 200 1658 p.
219 1580 284 1658 302]
360 1599 481 1642 ...us
507 1598 603 1658 nepos
629 1579 708 1660 eius,
735 1580 774 1640 ut
801 1576 949 1642 dixerunt
975 1576 1119 1661 quidam,
1146 1598 1184 1642 cx

172 1667 250 1730 filia.
275 1663 362 1746 ¹Quo
390 1671 492 1730 ouem
518 1666 575 1730 ille
598 1671 755 1750 mortuus,
783 1665 893 1729 eodem
916 1670 960 1730 est
981 1686 1067 1730 auno
1090 1671 1185 1731 natue
1278 1622 1280 1700 l

172 1753 351 1821 Simonides
375 1752 561 1838 Olympiade
581 1757 669 1818 sexta
692 1756 725 1817 et
748 1753 1027 1838 quinquagesima,
1048 1759 1086 1818 ut
1104 1753 1183 1834 faci·
1280 1720 1281 1784 l

172 1871 200 1922 p.
219 1845 268 1923 67]
291 1841 355 1906 lius
385 1842 526 1926 intellegi
552 1844 655 1926 possit
681 1847 748 1905 tum
776 1842 815 1904 de
838 1841 967 1906 Romuli
994 1839 1183 1928 inmorltali·

172 1933 241 1995 tate
270 1929 440 2013 creditum,
469 1952 542 1994 cum
568 1930 635 1993 iam
657 1929 840 1994 inveterata
862 1929 930 1994 vita
953 1930 1122 1994 hominum
1145 1951 1183 1994 ao
1198 1949 1228 1988 ro
1282 1929 1283 1940 ³

172 2021 316 2084 tractata
341 2021 427 2082 esset
450 2021 483 2082 et
506 2018 646 2103 cognita.
691 2014 754 2082 Sed
776 2017 923 2101 profecto
947 2020 1041 2082 tanta
1063 2017 1127 2082 fuit
1148 2018 1185 2082 in

173 2128 211 2172 oo
238 2105 288 2171 vis
315 2105 438 2192 ingenii
466 2109 563 2190 atque
590 2105 737 2188 virtutis,
764 2108 801 2170 ut
823 2105 857 2169 id
880 2105 919 2169 de
941 2106 1082 2172 Romulo
1105 2105 1184 2172 Pro
1282 2099 1283 2182 s

173 2194 247 2260 culo
265 2193 359 2278 Iulio,
377 2193 503 2258 homini
521 2193 652 2279 agresti,
671 2194 862 2277 crederetur,
881 2194 968 2278 quod
985 2195 1099 2259 multis
1117 2195 1184 2259 iam

174 2285 250 2349 anto
278 2282 414 2347 saeculis
441 2282 533 2346 nullo
557 2281 621 2346 alio
645 2281 684 2346 da
707 2282 840 2347 mortali
862 2281 1010 2347 homines
1033 2283 1185 2348 credidis·

174 2375 259 2455 sent,
288 2371 343 2455 qui
370 2370 503 2454 inpulsu
525 2373 684 2454 patrum,¹
697 2393 760 2455 quo
783 2369 835 2434 illi
857 2392 877 2435 a
900 2391 934 2434 se
957 2370 1113 2436 invidiam
1136 2371 1184 2435 in-
1197 2389 1227 2430 aa

172 2459 290 2524 teritus
313 2458 446 2523 Romuli
468 2457 641 2543 pellerent,
664 2458 698 2522 in
721 2458 871 2523 contione
895 2458 1013 2524 dixisse
1036 2459 1140 2524 fertur
1163 2481 1185 2525 a

172 2576 201 2627 p.
220 2550 269 2628 ea]
292 2568 327 2612 se
350 2547 456 2612 visum
480 2567 550 2610 esse
573 2545 607 2609 in
631 2564 668 2612 eo
688 2547 770 2612 colle
791 2546 796 2630 Ι
815 2545 1001 2631 Romulum,
1024 2548 1080 2632 qui
1098 2569 1185 2614 nunc

173 2634 351 2712 Quirinalis
378 2638 527 2718 vocatur;
558 2655 632 2698 eum
660 2635 722 2699 sibi
749 2635 934 2718 mandasse,
960 2639 999 2700 ut
1026 2636 1185 2720 populum

172 2728 314 2810 rogaret,
337 2725 375 2786 ut
398 2722 461 2787 sibi
484 2744 522 2787 eo
545 2722 580 2786 in
602 2723 685 2788 colle
709 2723 879 2788 delubrum
901 2723 1007 2808 fieret,
1030 2746 1066 2790 se
1088 2725 1185 2790 deum

174 2834 244 2877 ease
267 2815 300 2876 et
324 2808 494 2885 Quirinum
516 2811 635 2876 vocari.
1198 2831 1227 2872 eo

240 2898 410 2964 Videtisne
432 2899 535 2984 igitur
557 2898 652 2963 unius
675 2899 738 2965 viri
761 2900 896 2965 consilio
920 2922 985 2964 non
1009 2901 1116 2965 solum
1134 2922 1185 2965 or·

174 2990 246 3053 tum
266 3009 388 3052 novum
406 2986 564 3072 populum
581 3009 684 3072 neque
701 2992 740 3051 ut
757 2987 793 3051 in
811 2988 980 3053 cunabulis
998 2987 1185 3074 vagientem

174 3076 339 3158 relictum,
368 3074 426 3138 aed
449 3074 597 3139 adultum
618 3075 685 3140 iam
708 3078 741 3140 et
763 3098 865 3160 paene
887 3077 1064 3161 puberem?
1100 3075 1185 3140 Turn

175 3163 318 3228 Laelius:
346 3161 416 3227 Nos
443 3185 520 3228 vero
547 3162 706 3246 ridemus,
734 3166 767 3228 et
793 3165 978 3248 tequidem
1000 3165 1183 3251 ingressum

175 3279 203 3332 p.
223 3253 272 3331 81]
300 3250 427 3316 ratione
455 3251 497 3315 ad
520 3251 749 3336 disputandum
771 3274 869 3336 nova,
897 3275 978 3337 quae
999 3251 1003 3339 Ι
1023 3273 1184 3337 nusquam
1198 3270 1227 3311 aa

120 2955 154 3005 21

176 3343 227 3403 est
245 3338 280 3401 in
295 3335 492 3403 Graecorum
512 3338 615 3403 libris.
647 3338 734 3404 Nam
752 3340 903 3424 princeps
921 3340 986 3424 ille,
1006 3362 1069 3425 quo
1087 3361 1184 3405 nemo

175 3425 211 3490 in
238 3424 407 3490 scribendo
430 3428 650 3509 praestantior
671 3426 748 3510 fuit,
776 3449 882 3491 aream
907 3428 971 3491 sibi
994 3427 1122 3512 sumsit,
1149 3449 1183 3492 un
