2630 3890
360 148 428 205 ΗΒ.
447 149 469 207 1.
489 148 565 205 oAP.
585 157 697 206 34—36.
717 156 732 216 s
752 157 864 206 rra-so.
1055 150 1120 215 175

108 297 207 378 taque
234 293 269 357 in
290 292 390 358 Italia
415 292 520 358 factos
549 315 633 377 esse,
660 297 698 358 ut
720 295 824 358 multa
847 295 1119 379 oppidaconrua

108 383 185 466 rint,
203 381 316 446 multis
335 381 415 446 locis
435 382 525 446 labes
543 381 650 446 factae
669 382 735 446 sint
753 386 923 459 terraeque
938 383 1119 448 desederint

108 471 306 554 fluminaque
341 469 376 534 in
412 469 592 546 contrarias
628 474 739 555 partes
772 471 924 535 fluxerint
956 475 1054 556 atque
1085 475 1120 535 in

110 581 220 623 amnes
244 579 333 622 mare
356 557 529 622 influxerit.

81 665 95 706 s
175 646 275 711 Fiunt
306 649 413 710 certae
446 646 682 712 divinationum
713 647 916 712 coniecturae
948 670 968 714 a
996 648 1119 732 peritis,
1130 659 1172 723 36

108 735 216 801 Midae
238 735 290 799 illi
308 734 442 820 Phrygi,
466 756 538 799 cum
555 756 637 819 puer
655 739 749 820 esset,
773 737 947 800 dormienti
964 736 1119 802 formicae

108 824 144 888 in
169 845 205 888 os
228 822 330 888 tritici
358 844 461 908 grana
490 827 731 908 congesserunt.
776 822 1027 889 Divitissumum
1048 825 1120 890 fore

0 956 1 983 ,
109 912 310 997 praedictum
333 915 396 995 est3
419 911 505 996 quod
526 911 642 976 evenit.
675 912 721 976 At
734 912 867 978 Platoni
885 935 958 978 oum
976 914 1011 977 in
1029 913 1119 978 cunis

0 1068 1 1071 ,
109 1000 245 1084 parvulo
265 1000 438 1065 dormienti
457 1021 535 1085 apes
548 999 583 1064 in
596 1000 726 1064 labellis
741 1001 970 1085 consedissent,
989 1023 1120 1086 respon-

0 1136 1 1157 ἢ
69 1108 96 1146 1⁰
110 1111 183 1153 sum
206 1091 257 1153 est
279 1088 439 1174 singulari
460 1088 556 1152 illum
579 1089 741 1153 suavitate
764 1090 922 1155 orationis
945 1089 1024 1155 lore.
1065 1089 1119 1154 lta

0 1172 1 1197 ¹
108 1178 221 1242 futura
244 1177 430 1260 eloquentia
451 1177 584 1262 prouisa
605 1177 641 1240 in
662 1177 787 1241 infante
808 1181 867 1243 est.
904 1177 1009 1253 Quid?
1034 1200 1120 1242 amo·
1139 1196 1172 1244 79

109 1287 162 1332 res
190 1287 227 1330 ac
256 1265 388 1330 deliciae
411 1268 501 1349 tuae,
528 1265 679 1349 Roscius,
705 1288 784 1330 num
808 1269 865 1330 aut
886 1266 956 1351 ipse
980 1270 1037 1331 aut
1051 1288 1119 1350 pro

110 1376 148 1420 eo
171 1352 353 1418 Lanuvium
380 1357 487 1418 totum
514 1354 755 1419 mentiebatur?
792 1353 854 1430 Qui
881 1377 955 1420 cum
978 1359 1064 1419 esset
1086 1355 1121 1419 in

110 1442 278 1508 cunabulis
307 1442 559 1525 educareturque
586 1443 621 1506 in
648 1440 793 1525 Solonio,
826 1443 882 1527 qui
909 1447 959 1508 est
986 1465 1119 1529 campus

69 1549 95 1590 ¹⁶
110 1531 184 1685 tt
200 1529 830 1703 ttttntttttltttdttl
841 1535 1120 1705 ,scrutatu

111 1707 270 1793 serpentis
299 1708 458 1792 amplexu.
504 1705 574 1783 Quo
606 1711 740 1793 aspectu
756 1708 922 1776 exterrita
944 1709 1120 1774 clamorem

111 1796 253 1862 sustulit.
293 1795 393 1860 Pater
423 1799 531 1860 autem
558 1794 668 1861 Roscii
698 1796 739 1861 ad
765 1797 953 1882 haruspices
982 1798 1120 1880 rettulit,

112 1885 167 1970 qui
193 1885 430 1969 responderunt
456 1884 539 1949 nihil
565 1884 623 1949 illo
645 1907 745 1969 puero
769 1885 902 1970 clarius,
924 1885 1007 1950 nihil
1029 1887 1120 1951 nobi·

70 1991 96 2032 ac
111 1975 175 2038 lius
202 1973 281 2038 fore.
308 1973 436 2056 ,Atque
458 1973 542 2038 hanc
565 1973 705 2058 speciem
727 1972 885 2038 Pasiteles
910 1975 1048 2039 caelavit
1072 1997 1120 2039 ar-

112 2065 209 2148 gento
230 2064 263 2126 et
275 2065 387 2127 noster
402 2061 561 2146 expressit
575 2062 714 2127 Archias
729 2063 886 2127 versibus.
921 2061 1005 2138 Quid
1018 2063 1120 2148 igitur

111 2151 339 2235 expectamus?
364 2171 407 2214 an
429 2150 505 2214 dum
525 2149 649 2215 infore
667 2150 837 2216 nobiscum
857 2151 890 2215 di
907 2151 1119 2235 immortales,

111 2239 188 2303 dum
210 2238 245 2301 in
267 2239 327 2303 viis
350 2242 529 2322 versentur,
552 2238 628 2302 dum
647 2238 756 2305 domi?
780 2239 836 2324 qui
855 2239 984 2324 quidem
1002 2240 1066 2324 ipsi
1084 2262 1120 2304 se

110 2325 206 2391 nobis
238 2347 305 2390 non
331 2326 483 2410 offerunt,
514 2325 581 2391 vim
609 2331 718 2392 autem
746 2349 838 2393 suam
864 2330 961 2413 longe
990 2328 1119 2412 lateque

69 2431 97 2472 rs
112 2413 308 2498 diffundunt,
332 2418 522 2498 quamtum
545 2418 652 2480 terrae
675 2417 820 2481 cavernis
843 2416 1026 2499 includunt,
1048 2420 1119 2480 tum
1153 2424 1155 2429 '

110 2501 280 2567 hominum
301 2503 426 2568 naturis
449 2504 628 2588 implicant.
664 2503 750 2569 Nam
773 2509 878 2570 terrae
897 2504 947 2569 vis
965 2503 1119 2588 Pythiam

110 2589 249 2675 Delphis
266 2590 434 2677 incitabat,
456 2595 593 2656 naturae
611 2589 779 2676 Sibyllam.
816 2592 900 2668 Quid
923 2592 1030 2657 enim?
1053 2613 1120 2657 non

109 2681 266 2764 videmus,
289 2702 387 2764 quam
406 2681 472 2744 sint
490 2679 582 2745 varia
599 2683 760 2746 terrarum
780 2681 920 2767 genera?
944 2701 982 2744 cx
1002 2681 1119 2764 quibus

110 2772 144 2833 et
173 2767 342 2833 mortifera
373 2769 530 2852 quaedam
557 2791 633 2853 pars
662 2773 723 2853 est,
753 2773 790 2834 ut
813 2773 846 2834 et
868 2768 1062 2854 Ampsancti
1084 2770 1118 2832 in

68 2873 96 2914 ³0
108 2856 258 2942 Hirpinis
287 2859 321 2920 ct
339 2857 382 2942 ,in
404 2857 485 2921 Asia
507 2856 674 2940 Plutonia,
702 2880 783 2942 quae
806 2857 960 2941 vidimuS,
988 2860 1021 2921 et
1044 2862 1119 2922 sunt

108 2950 220 3031 partes
244 2965 397 3030 agrorum
421 2946 505 3010 aliae
522 2946 723 3031 pestilentes,
746 2947 829 3012 aliae
849 2945 1004 3029 salubres,
1028 2945 1119 3030 aliae,

110 3055 192 3119 quae
213 3036 309 3098 acuta
327 3033 460 3118 ingenia
479 3034 626 3119 gignant,
650 3034 742 3119 aliae,
767 3057 848 3118 quae
867 3036 1013 3118 retunsa3
1037 3056 1118 3118 quae

1 3173 2 3182 ,
109 3123 219 3187 omnia
241 3121 326 3185 fiunt
348 3125 381 3185 et
404 3143 443 3185 ex
465 3123 545 3187 caeli
563 3123 721 3187 varietate
740 3126 772 3187 et
791 3144 830 3187 cx
849 3122 995 3206 disparili
1015 3123 1120 3208 adspi-

108 3211 235 3276 ratione
258 3212 428 3273 terrarum.

67 3313 95 3354 ³⁵
174 3297 229 3362 Fit
252 3298 351 3362 etiam
374 3319 470 3383 saepe
493 3299 598 3384 specie
622 3300 770 3384 quadam,
794 3321 889 3385 saepe
912 3320 1027 3363 vocum
1047 3320 1119 3386 gra·
1138 3313 1172 3361 80

108 3388 211 3452 vitate
246 3389 278 3450 et
310 3386 459 3452 cantibus
491 3390 528 3450 ut
558 3386 724 3472 pellantur
756 3388 856 3452 animi
886 3387 1118 3473 vehementius,

109 3497 206 3562 saepe
229 3474 329 3540 etiam
352 3497 429 3540 cura
452 3478 485 3541 ot
508 3475 635 3560 timore,
659 3476 764 3559 qualis
789 3480 839 3541 est
861 3476 919 3542 illa
