<?xml version="1.0" encoding="UTF-8"?>
<!DOCTYPE html PUBLIC "-//W3C//DTD XHTML 1.0 Transitional//EN"
    "http://www.w3.org/TR/xhtml1/DTD/xhtml1-transitional.dtd">
<html xmlns="http://www.w3.org/1999/xhtml" xml:lang="en" lang="en">
 <head>
  <title>
</title>
<meta http-equiv="Content-Type" content="text/html;charset=utf-8" />
  <meta name='ocr-system' content='tesseract 3.04.00' />
  <meta name='ocr-capabilities' content='ocr_page ocr_carea ocr_par ocr_line ocrx_word'/>
</head>
<body>
  <div class='ocr_page' id='page_1' title='image "./scriptaquaemans02mullgoog_0448.png"; bbox 0 0 2566 3876; ppageno 0'>
   <div class='ocr_carea' id='block_1_1' title="bbox 330 111 1079 187">
    <p class='ocr_par' dir='ltr' id='par_1_1' title="bbox 330 111 1079 187">
     <span class='ocr_line' id='line_1_1' title="bbox 330 111 1079 187; baseline 0.012 -14"><span class='ocrx_word' id='word_1_1' title='bbox 330 119 398 174; x_wconf 80' lang='grc'>1111.</span> <span class='ocrx_word' id='word_1_2' title='bbox 416 119 438 174; x_wconf 79' lang='lat' dir='ltr'>L</span> <span class='ocrx_word' id='word_1_3' title='bbox 459 120 527 176; x_wconf 79' lang='lat' dir='ltr'>cAP</span> <span class='ocrx_word' id='word_1_4' title='bbox 554 127 650 177; x_wconf 88' lang='lat' dir='ltr'>e-11.</span> <span class='ocrx_word' id='word_1_5' title='bbox 670 111 685 187; x_wconf 76' lang='lat' dir='ltr'>s</span> <span class='ocrx_word' id='word_1_6' title='bbox 702 127 817 176; x_wconf 61' lang='grc'>111-11.</span> <span class='ocrx_word' id='word_1_7' title='bbox 1015 119 1079 184; x_wconf 87' lang='grc'>391</span> 
     </span>
    </p>
   </div>
   <div class='ocr_carea' id='block_1_2' title="bbox 133 235 1134 361">
    <p class='ocr_par' dir='ltr' id='par_1_2' title="bbox 133 235 1134 361">
     <span class='ocr_line' id='line_1_2' title="bbox 133 235 1134 361; baseline -0.002 -33"><span class='ocrx_word' id='word_1_8' title='bbox 133 264 214 330; x_wconf 74' lang='lat' dir='ltr'>Aur.</span> <span class='ocrx_word' id='word_1_9' title='bbox 236 261 282 328; x_wconf 91' lang='lat' dir='ltr'>Di</span> <span class='ocrx_word' id='word_1_10' title='bbox 302 264 502 348; x_wconf 89' lang='lat' dir='ltr'>inmortales,</span> <span class='ocrx_word' id='word_1_11' title='bbox 526 286 624 349; x_wconf 89' lang='lat' dir='ltr'>quam</span> <span class='ocrx_word' id='word_1_12' title='bbox 645 269 683 330; x_wconf 93' lang='lat' dir='ltr'>tu</span> <span class='ocrx_word' id='word_1_13' title='bbox 704 266 803 351; x_wconf 84' lang='lat' dir='ltr'>longe</span> <span class='ocrx_word' id='word_1_14' title='bbox 822 265 902 330; x_wconf 88' lang='lat' dir='ltr'>iuris</span> <span class='ocrx_word' id='word_1_15' title='bbox 921 263 1081 350; x_wconf 87' lang='lat' dir='ltr'>principia</span> <span class='ocrx_word' id='word_1_16' title='bbox 1093 235 1134 361; x_wconf 47' lang='grc' dir='ltr'>ἒξ</span> 
     </span>
    </p>
   </div>
   <div class='ocr_carea' id='block_1_3' title="bbox 3 351 1136 3520">
    <p class='ocr_par' dir='ltr' id='par_1_3' title="bbox 3 351 1136 3168">
     <span class='ocr_line' id='line_1_3' title="bbox 52 351 1081 439; baseline 0.002 -25"><span class='ocrx_word' id='word_1_17' title='bbox 52 351 207 436; x_wconf 82' lang='lat' dir='ltr'>repetis!</span> <span class='ocrx_word' id='word_1_18' title='bbox 231 355 330 436; x_wconf 87' lang='lat' dir='ltr'>atque</span> <span class='ocrx_word' id='word_1_19' title='bbox 352 352 409 437; x_wconf 87' lang='lat' dir='ltr'>ita,</span> <span class='ocrx_word' id='word_1_20' title='bbox 431 357 469 418; x_wconf 93' lang='lat' dir='ltr'>ut</span> <span class='ocrx_word' id='word_1_21' title='bbox 491 374 553 439; x_wconf 82' lang='lat' dir='ltr'>ego</span> <span class='ocrx_word' id='word_1_22' title='bbox 575 375 642 419; x_wconf 92' lang='grc'>101</span> <span class='ocrx_word' id='word_1_23' title='bbox 663 354 760 419; x_wconf 93' lang='lat' dir='ltr'>modo</span> <span class='ocrx_word' id='word_1_24' title='bbox 784 353 826 418; x_wconf 90' lang='lat' dir='ltr'>ad</span> <span class='ocrx_word' id='word_1_25' title='bbox 847 354 907 418; x_wconf 90' lang='lat' dir='ltr'>illa</span> <span class='ocrx_word' id='word_1_26' title='bbox 923 374 990 418; x_wconf 90' lang='lat' dir='ltr'>non</span> <span class='ocrx_word' id='word_1_27' title='bbox 1008 374 1081 437; x_wconf 91' lang='lat' dir='ltr'>pro-</span> 
     </span>
     <span class='ocr_line' id='line_1_4' title="bbox 51 439 1081 526; baseline 0 -22"><span class='ocrx_word' id='word_1_28' title='bbox 51 461 190 524; x_wconf 88' lang='lat' dir='ltr'>perem,</span> <span class='ocrx_word' id='word_1_29' title='bbox 214 461 297 524; x_wconf 88' lang='lat' dir='ltr'>quae</span> <span class='ocrx_word' id='word_1_30' title='bbox 320 441 531 526; x_wconf 71' lang='lat' dir='ltr'><strong>expectabam</strong></span> <span class='ocrx_word' id='word_1_31' title='bbox 555 445 625 506; x_wconf 90' lang='lat' dir='ltr'>ate</span> <span class='ocrx_word' id='word_1_32' title='bbox 646 441 685 507; x_wconf 92' lang='lat' dir='ltr'>de</span> <span class='ocrx_word' id='word_1_33' title='bbox 703 442 773 507; x_wconf 88' lang='lat' dir='ltr'>iure</span> <span class='ocrx_word' id='word_1_34' title='bbox 791 441 888 524; x_wconf 90' lang='lat' dir='ltr'>civili,</span> <span class='ocrx_word' id='word_1_35' title='bbox 911 441 968 505; x_wconf 89' lang='lat' dir='ltr'>sed</span> <span class='ocrx_word' id='word_1_36' title='bbox 985 439 1081 506; x_wconf 88' lang='lat' dir='ltr'>facile</span> 
     </span>
     <span class='ocr_line' id='line_1_5' title="bbox 52 528 1082 610; baseline 0.003 -19"><span class='ocrx_word' id='word_1_37' title='bbox 52 529 179 610; x_wconf 85' lang='lat' dir='ltr'>patiar</span> <span class='ocrx_word' id='word_1_38' title='bbox 206 531 241 592; x_wconf 87' lang='lat' dir='ltr'>te</span> <span class='ocrx_word' id='word_1_39' title='bbox 268 528 355 593; x_wconf 90' lang='lat' dir='ltr'>huno</span> <span class='ocrx_word' id='word_1_40' title='bbox 382 529 467 594; x_wconf 89' lang='lat' dir='ltr'>diem</span> <span class='ocrx_word' id='word_1_41' title='bbox 489 531 542 594; x_wconf 82' lang='lat' dir='ltr'>vel</span> <span class='ocrx_word' id='word_1_42' title='bbox 564 534 671 596; x_wconf 91' lang='lat' dir='ltr'>totum</span> <span class='ocrx_word' id='word_1_43' title='bbox 693 529 728 594; x_wconf 89' lang='lat' dir='ltr'>in</span> <span class='ocrx_word' id='word_1_44' title='bbox 750 530 815 595; x_wconf 89' lang='lat' dir='ltr'>isto</span> <span class='ocrx_word' id='word_1_45' title='bbox 838 550 986 594; x_wconf 81' lang='lat' dir='ltr'>sermone</span> <span class='ocrx_word' id='word_1_46' title='bbox 1009 550 1082 594; x_wconf 94' lang='lat' dir='ltr'>con·</span> 
     </span>
     <span class='ocr_line' id='line_1_6' title="bbox 3 617 1082 702; baseline 0 -22"><span class='ocrx_word' id='word_1_47' title='bbox 3 631 213 700; x_wconf 62' lang='lat' dir='ltr'>÷⁵sumere3</span> <span class='ocrx_word' id='word_1_48' title='bbox 240 620 317 681; x_wconf 87' lang='lat' dir='ltr'>sunt</span> <span class='ocrx_word' id='word_1_49' title='bbox 340 617 427 682; x_wconf 91' lang='lat' dir='ltr'>enim</span> <span class='ocrx_word' id='word_1_50' title='bbox 448 618 529 682; x_wconf 86' lang='lat' dir='ltr'>haee</span> <span class='ocrx_word' id='word_1_51' title='bbox 552 617 689 702; x_wconf 91' lang='lat' dir='ltr'>maiora,</span> <span class='ocrx_word' id='word_1_52' title='bbox 717 639 799 702; x_wconf 88' lang='lat' dir='ltr'>quae</span> <span class='ocrx_word' id='word_1_53' title='bbox 822 618 962 683; x_wconf 88' lang='lat' dir='ltr'>aliorum</span> <span class='ocrx_word' id='word_1_54' title='bbox 984 637 1082 683; x_wconf 87' lang='lat' dir='ltr'>causa</span> 
     </span>
     <span class='ocr_line' id='line_1_7' title="bbox 53 703 1082 791; baseline 0.004 -24"><span class='ocrx_word' id='word_1_55' title='bbox 53 703 212 780; x_wconf 81' lang='lat' dir='ltr'>fortasse</span> <span class='ocrx_word' id='word_1_56' title='bbox 245 705 471 790; x_wconf 87' lang='lat' dir='ltr'>conplecteris,</span> <span class='ocrx_word' id='word_1_57' title='bbox 504 727 601 790; x_wconf 87' lang='lat' dir='ltr'>quarn</span> <span class='ocrx_word' id='word_1_58' title='bbox 633 707 706 791; x_wconf 88' lang='lat' dir='ltr'>ipsa</span> <span class='ocrx_word' id='word_1_59' title='bbox 732 707 804 790; x_wconf 86' lang='lat' dir='ltr'>ille,</span> <span class='ocrx_word' id='word_1_60' title='bbox 836 727 974 790; x_wconf 92' lang='lat' dir='ltr'>quorum</span> <span class='ocrx_word' id='word_1_61' title='bbox 1001 704 1082 771; x_wconf 82' lang='lat' dir='ltr'>haec</span> 
     </span>
     <span class='ocr_line' id='line_1_8' title="bbox 55 791 1083 879; baseline 0.002 -23"><span class='ocrx_word' id='word_1_62' title='bbox 55 814 168 857; x_wconf 86' lang='lat' dir='ltr'>causa</span> <span class='ocrx_word' id='word_1_63' title='bbox 201 797 447 878; x_wconf 74' lang='lat' dir='ltr'>praeparantur.</span> <span class='ocrx_word' id='word_1_64' title='bbox 491 794 540 859; x_wconf 87' lang='lat' dir='ltr'>M.</span> <span class='ocrx_word' id='word_1_65' title='bbox 567 791 650 859; x_wconf 84' lang='lat' dir='ltr'>Sunt</span> <span class='ocrx_word' id='word_1_66' title='bbox 681 794 761 860; x_wconf 89' lang='lat' dir='ltr'>haec</span> <span class='ocrx_word' id='word_1_67' title='bbox 793 795 923 879; x_wconf 91' lang='lat' dir='ltr'>quidem</span> <span class='ocrx_word' id='word_1_68' title='bbox 952 813 1083 878; x_wconf 82' lang='lat' dir='ltr'>magna,</span> 
     </span>
     <span class='ocr_line' id='line_1_9' title="bbox 57 881 1084 967; baseline 0 -22"><span class='ocrx_word' id='word_1_69' title='bbox 57 903 153 964; x_wconf 91' lang='lat' dir='ltr'>quae</span> <span class='ocrx_word' id='word_1_70' title='bbox 176 901 264 946; x_wconf 91' lang='lat' dir='ltr'>nuno</span> <span class='ocrx_word' id='word_1_71' title='bbox 287 881 430 946; x_wconf 90' lang='lat' dir='ltr'>breviter</span> <span class='ocrx_word' id='word_1_72' title='bbox 453 882 669 967; x_wconf 80' lang='lat' dir='ltr'>attinguntur,</span> <span class='ocrx_word' id='word_1_73' title='bbox 692 883 748 948; x_wconf 87' lang='lat' dir='ltr'>sed</span> <span class='ocrx_word' id='word_1_74' title='bbox 772 883 925 967; x_wconf 91' lang='lat' dir='ltr'>omnium,</span> <span class='ocrx_word' id='word_1_75' title='bbox 948 881 1084 965; x_wconf 88' lang='lat' dir='ltr'>quaein</span> 
     </span>
     <span class='ocr_line' id='line_1_10' title="bbox 55 968 1084 1054; baseline 0.001 -22"><span class='ocrx_word' id='word_1_76' title='bbox 55 968 241 1034; x_wconf 87' lang='lat' dir='ltr'>hominum</span> <span class='ocrx_word' id='word_1_77' title='bbox 269 969 438 1034; x_wconf 91' lang='lat' dir='ltr'>doctorum</span> <span class='ocrx_word' id='word_1_78' title='bbox 465 970 685 1054; x_wconf 88' lang='lat' dir='ltr'>disputatione</span> <span class='ocrx_word' id='word_1_79' title='bbox 712 973 897 1054; x_wconf 88' lang='lat' dir='ltr'>versantur,</span> <span class='ocrx_word' id='word_1_80' title='bbox 922 969 1005 1035; x_wconf 86' lang='lat' dir='ltr'>nihil</span> <span class='ocrx_word' id='word_1_81' title='bbox 1033 971 1084 1034; x_wconf 90' lang='lat' dir='ltr'>est</span> 
     </span>
     <span class='ocr_line' id='line_1_11' title="bbox 10 1057 1084 1144; baseline 0.002 -24"><span class='ocrx_word' id='word_1_82' title='bbox 10 1073 41 1112; x_wconf 75' lang='grc' dir='ltr'>ιο</span> <span class='ocrx_word' id='word_1_83' title='bbox 58 1057 219 1140; x_wconf 83' lang='lat' dir='ltr'>profecto</span> <span class='ocrx_word' id='word_1_84' title='bbox 252 1057 482 1142; x_wconf 68' lang='lat' dir='ltr'>praestabilius</span> <span class='ocrx_word' id='word_1_85' title='bbox 516 1080 612 1142; x_wconf 88' lang='lat' dir='ltr'>quam</span> <span class='ocrx_word' id='word_1_86' title='bbox 644 1059 742 1143; x_wconf 89' lang='lat' dir='ltr'>plane</span> <span class='ocrx_word' id='word_1_87' title='bbox 773 1059 923 1144; x_wconf 77' lang='lat' dir='ltr'>intellegi</span> <span class='ocrx_word' id='word_1_88' title='bbox 951 1080 1011 1123; x_wconf 92' lang='lat' dir='ltr'>nos</span> <span class='ocrx_word' id='word_1_89' title='bbox 1041 1057 1084 1122; x_wconf 81' lang='lat' dir='ltr'>ad</span> 
     </span>
     <span class='ocr_line' id='line_1_12' title="bbox 58 1145 1084 1232; baseline 0.002 -24"><span class='ocrx_word' id='word_1_90' title='bbox 58 1145 233 1209; x_wconf 88' lang='lat' dir='ltr'>iustitiam</span> <span class='ocrx_word' id='word_1_91' title='bbox 256 1166 327 1210; x_wconf 87' lang='lat' dir='ltr'>esse</span> <span class='ocrx_word' id='word_1_92' title='bbox 349 1149 459 1229; x_wconf 87' lang='lat' dir='ltr'>natos,</span> <span class='ocrx_word' id='word_1_93' title='bbox 480 1168 584 1230; x_wconf 89' lang='lat' dir='ltr'>neque</span> <span class='ocrx_word' id='word_1_94' title='bbox 608 1147 768 1232; x_wconf 90' lang='lat' dir='ltr'>opinione,</span> <span class='ocrx_word' id='word_1_95' title='bbox 791 1147 848 1212; x_wconf 90' lang='lat' dir='ltr'>sed</span> <span class='ocrx_word' id='word_1_96' title='bbox 870 1151 989 1211; x_wconf 84' lang='lat' dir='ltr'>nature</span> <span class='ocrx_word' id='word_1_97' title='bbox 1011 1167 1084 1211; x_wconf 90' lang='lat' dir='ltr'>con·</span> 
     </span>
     <span class='ocr_line' id='line_1_13' title="bbox 60 1233 1084 1320; baseline 0.001 -24"><span class='ocrx_word' id='word_1_98' title='bbox 60 1233 226 1299; x_wconf 88' lang='lat' dir='ltr'>stitutum</span> <span class='ocrx_word' id='word_1_99' title='bbox 249 1255 320 1298; x_wconf 89' lang='lat' dir='ltr'>esse</span> <span class='ocrx_word' id='word_1_100' title='bbox 342 1234 402 1299; x_wconf 90' lang='grc'>111.</span> <span class='ocrx_word' id='word_1_101' title='bbox 442 1235 482 1298; x_wconf 93' lang='lat' dir='ltr'>Id</span> <span class='ocrx_word' id='word_1_102' title='bbox 503 1235 569 1299; x_wconf 90' lang='lat' dir='ltr'>iam</span> <span class='ocrx_word' id='word_1_103' title='bbox 591 1235 732 1320; x_wconf 89' lang='lat' dir='ltr'>patebit,</span> <span class='ocrx_word' id='word_1_104' title='bbox 755 1235 783 1300; x_wconf 84' lang='lat' dir='ltr'>si</span> <span class='ocrx_word' id='word_1_105' title='bbox 805 1234 975 1300; x_wconf 91' lang='lat' dir='ltr'>hominum</span> <span class='ocrx_word' id='word_1_106' title='bbox 996 1234 1084 1298; x_wconf 90' lang='lat' dir='ltr'>inter</span> 
     </span>
     <span class='ocr_line' id='line_1_14' title="bbox 58 1321 1136 1408; baseline 0.004 -24"><span class='ocrx_word' id='word_1_107' title='bbox 58 1321 160 1406; x_wconf 87' lang='lat' dir='ltr'>ipsos</span> <span class='ocrx_word' id='word_1_108' title='bbox 185 1322 377 1386; x_wconf 87' lang='lat' dir='ltr'>societatem</span> <span class='ocrx_word' id='word_1_109' title='bbox 400 1322 722 1406; x_wconf 86' lang='lat' dir='ltr'>coniunctionemque</span> <span class='ocrx_word' id='word_1_110' title='bbox 744 1323 955 1408; x_wconf 83' lang='lat' dir='ltr'>perspexeris.</span> <span class='ocrx_word' id='word_1_111' title='bbox 989 1321 1083 1386; x_wconf 90' lang='lat' dir='ltr'>Nihil</span> <span class='ocrx_word' id='word_1_112' title='bbox 1101 1337 1136 1388; x_wconf 76' lang='lat' dir='ltr'>aa</span> 
     </span>
     <span class='ocr_line' id='line_1_15' title="bbox 61 1410 1083 1495; baseline 0.001 -22"><span class='ocrx_word' id='word_1_113' title='bbox 61 1413 119 1474; x_wconf 86' lang='lat' dir='ltr'>est</span> <span class='ocrx_word' id='word_1_114' title='bbox 144 1410 232 1475; x_wconf 90' lang='lat' dir='ltr'>enim</span> <span class='ocrx_word' id='word_1_115' title='bbox 255 1432 356 1474; x_wconf 89' lang='lat' dir='ltr'>unum</span> <span class='ocrx_word' id='word_1_116' title='bbox 373 1411 519 1475; x_wconf 89' lang='lat' dir='ltr'>unitam</span> <span class='ocrx_word' id='word_1_117' title='bbox 537 1411 652 1494; x_wconf 87' lang='lat' dir='ltr'>simile,</span> <span class='ocrx_word' id='word_1_118' title='bbox 674 1415 743 1476; x_wconf 89' lang='lat' dir='ltr'>tam</span> <span class='ocrx_word' id='word_1_119' title='bbox 761 1433 831 1495; x_wconf 91' lang='lat' dir='ltr'>par,</span> <span class='ocrx_word' id='word_1_120' title='bbox 853 1432 951 1495; x_wconf 88' lang='lat' dir='ltr'>quam</span> <span class='ocrx_word' id='word_1_121' title='bbox 970 1431 1083 1475; x_wconf 89' lang='lat' dir='ltr'>omnes</span> 
     </span>
     <span class='ocr_line' id='line_1_16' title="bbox 14 1497 1084 1583; baseline 0.004 -25"><span class='ocrx_word' id='word_1_122' title='bbox 14 1515 44 1555; x_wconf 82' lang='lat'>15</span> <span class='ocrx_word' id='word_1_123' title='bbox 60 1499 157 1562; x_wconf 90' lang='lat' dir='ltr'>inter</span> <span class='ocrx_word' id='word_1_124' title='bbox 179 1502 310 1562; x_wconf 86' lang='lat' dir='ltr'>nosmet</span> <span class='ocrx_word' id='word_1_125' title='bbox 331 1498 422 1583; x_wconf 89' lang='lat' dir='ltr'>ipsos</span> <span class='ocrx_word' id='word_1_126' title='bbox 446 1520 565 1563; x_wconf 86' lang='grc'>111111.</span> <span class='ocrx_word' id='word_1_127' title='bbox 602 1497 724 1573; x_wconf 82' lang='lat' dir='ltr'>Quodsi</span> <span class='ocrx_word' id='word_1_128' title='bbox 744 1498 933 1582; x_wconf 89' lang='lat' dir='ltr'>depravatio</span> <span class='ocrx_word' id='word_1_129' title='bbox 953 1519 1084 1564; x_wconf 90' lang='lat' dir='ltr'>consue-</span> 
     </span>
     <span class='ocr_line' id='line_1_17' title="bbox 61 1586 1083 1671; baseline 0.001 -22"><span class='ocrx_word' id='word_1_130' title='bbox 61 1586 232 1670; x_wconf 90' lang='lat' dir='ltr'>tudinum,</span> <span class='ocrx_word' id='word_1_131' title='bbox 255 1586 284 1651; x_wconf 90' lang='lat' dir='ltr'>si</span> <span class='ocrx_word' id='word_1_132' title='bbox 307 1586 497 1671; x_wconf 89' lang='lat' dir='ltr'>opinionum</span> <span class='ocrx_word' id='word_1_133' title='bbox 519 1587 648 1651; x_wconf 88' lang='lat' dir='ltr'>vanitas</span> <span class='ocrx_word' id='word_1_134' title='bbox 665 1608 733 1652; x_wconf 90' lang='lat' dir='ltr'>non</span> <span class='ocrx_word' id='word_1_135' title='bbox 749 1586 998 1652; x_wconf 83' lang='lat' dir='ltr'>inbecillitatem</span> <span class='ocrx_word' id='word_1_136' title='bbox 1017 1586 1083 1650; x_wconf 88' lang='lat' dir='ltr'>ani·</span> 
     </span>
     <span class='ocr_line' id='line_1_18' title="bbox 62 1674 1084 1759; baseline -0.001 -21"><span class='ocrx_word' id='word_1_137' title='bbox 62 1695 202 1740; x_wconf 87' lang='lat' dir='ltr'>morum</span> <span class='ocrx_word' id='word_1_138' title='bbox 232 1677 401 1758; x_wconf 89' lang='lat' dir='ltr'>torqueret</span> <span class='ocrx_word' id='word_1_139' title='bbox 432 1677 466 1739; x_wconf 92' lang='lat' dir='ltr'>et</span> <span class='ocrx_word' id='word_1_140' title='bbox 494 1674 653 1758; x_wconf 88' lang='lat' dir='ltr'>flecteret,</span> <span class='ocrx_word' id='word_1_141' title='bbox 684 1696 885 1759; x_wconf 87' lang='lat' dir='ltr'>quocumque</span> <span class='ocrx_word' id='word_1_142' title='bbox 915 1675 1084 1759; x_wconf 88' lang='lat' dir='ltr'>coepisset,</span> 
     </span>
     <span class='ocr_line' id='line_1_19' title="bbox 63 1762 1084 1847; baseline 0 -21"><span class='ocrx_word' id='word_1_143' title='bbox 63 1762 121 1826; x_wconf 89' lang='lat' dir='ltr'>sui</span> <span class='ocrx_word' id='word_1_144' title='bbox 152 1784 249 1827; x_wconf 90' lang='lat' dir='ltr'>nemo</span> <span class='ocrx_word' id='word_1_145' title='bbox 271 1762 343 1846; x_wconf 91' lang='lat' dir='ltr'>ipse</span> <span class='ocrx_word' id='word_1_146' title='bbox 365 1765 435 1826; x_wconf 91' lang='lat' dir='ltr'>tam</span> <span class='ocrx_word' id='word_1_147' title='bbox 458 1762 574 1827; x_wconf 88' lang='lat' dir='ltr'>similis</span> <span class='ocrx_word' id='word_1_148' title='bbox 597 1765 696 1846; x_wconf 90' lang='lat' dir='ltr'>esset,</span> <span class='ocrx_word' id='word_1_149' title='bbox 719 1784 817 1847; x_wconf 93' lang='lat' dir='ltr'>quam</span> <span class='ocrx_word' id='word_1_150' title='bbox 840 1785 951 1828; x_wconf 89' lang='lat' dir='ltr'>omnes</span> <span class='ocrx_word' id='word_1_151' title='bbox 975 1767 1084 1827; x_wconf 88' lang='lat' dir='ltr'>essent</span> 
     </span>
     <span class='ocr_line' id='line_1_20' title="bbox 65 1849 1084 1935; baseline -0.002 -20"><span class='ocrx_word' id='word_1_152' title='bbox 65 1851 228 1915; x_wconf 89' lang='lat' dir='ltr'>omnium.</span> <span class='ocrx_word' id='word_1_153' title='bbox 274 1849 403 1934; x_wconf 90' lang='lat' dir='ltr'>Itaque,</span> <span class='ocrx_word' id='word_1_154' title='bbox 436 1872 655 1935; x_wconf 87' lang='lat' dir='ltr'>quaecumque</span> <span class='ocrx_word' id='word_1_155' title='bbox 683 1854 733 1914; x_wconf 91' lang='lat' dir='ltr'>est</span> <span class='ocrx_word' id='word_1_156' title='bbox 760 1850 900 1923; x_wconf 84' lang='lat' dir='ltr'>hominis</span> <span class='ocrx_word' id='word_1_157' title='bbox 929 1850 1084 1934; x_wconf 90' lang='lat' dir='ltr'>definitio,</span> 
     </span>
     <span class='ocr_line' id='line_1_21' title="bbox 16 1937 1136 2024; baseline 0.004 -27"><span class='ocrx_word' id='word_1_158' title='bbox 16 1956 47 1996; x_wconf 81' lang='lat' dir='ltr'>eo</span> <span class='ocrx_word' id='word_1_159' title='bbox 64 1961 138 2002; x_wconf 88' lang='lat' dir='ltr'>una</span> <span class='ocrx_word' id='word_1_160' title='bbox 159 1937 196 2002; x_wconf 93' lang='lat' dir='ltr'>in</span> <span class='ocrx_word' id='word_1_161' title='bbox 220 1939 325 2002; x_wconf 85' lang='lat' dir='ltr'>omnis</span> <span class='ocrx_word' id='word_1_162' title='bbox 347 1939 452 2021; x_wconf 83' lang='lat' dir='ltr'>valet3</span> <span class='ocrx_word' id='word_1_163' title='bbox 474 1939 560 2022; x_wconf 92' lang='lat' dir='ltr'>quod</span> <span class='ocrx_word' id='word_1_164' title='bbox 583 1939 768 2024; x_wconf 80' lang='lat' dir='ltr'>argumenti</span> <span class='ocrx_word' id='word_1_165' title='bbox 791 1939 872 2004; x_wconf 89' lang='lat' dir='ltr'>satis</span> <span class='ocrx_word' id='word_1_166' title='bbox 891 1943 941 2004; x_wconf 90' lang='lat' dir='ltr'>est</span> <span class='ocrx_word' id='word_1_167' title='bbox 957 1939 1084 2003; x_wconf 90' lang='lat' dir='ltr'>nullam</span> <span class='ocrx_word' id='word_1_168' title='bbox 1101 1953 1136 2002; x_wconf 80' lang='lat'>³0</span> 
     </span>
     <span class='ocr_line' id='line_1_22' title="bbox 64 2026 1084 2112; baseline 0 -22"><span class='ocrx_word' id='word_1_169' title='bbox 64 2026 372 2090; x_wconf 86' lang='lat' dir='ltr'>dissimilitudinem</span> <span class='ocrx_word' id='word_1_170' title='bbox 402 2049 473 2090; x_wconf 90' lang='lat' dir='ltr'>esse</span> <span class='ocrx_word' id='word_1_171' title='bbox 502 2027 537 2091; x_wconf 89' lang='lat' dir='ltr'>in</span> <span class='ocrx_word' id='word_1_172' title='bbox 565 2047 695 2112; x_wconf 79' lang='lat' dir='ltr'>genere3</span> <span class='ocrx_word' id='word_1_173' title='bbox 726 2049 808 2112; x_wconf 89' lang='lat' dir='ltr'>quae</span> <span class='ocrx_word' id='word_1_174' title='bbox 836 2027 865 2091; x_wconf 91' lang='lat' dir='ltr'>si</span> <span class='ocrx_word' id='word_1_175' title='bbox 892 2030 991 2110; x_wconf 90' lang='lat' dir='ltr'>esset,</span> <span class='ocrx_word' id='word_1_176' title='bbox 1017 2047 1084 2091; x_wconf 93' lang='lat' dir='ltr'>non</span> 
     </span>
     <span class='ocr_line' id='line_1_23' title="bbox 63 2114 1084 2198; baseline -0.001 -19"><span class='ocrx_word' id='word_1_177' title='bbox 63 2137 138 2179; x_wconf 85' lang='lat' dir='ltr'>una</span> <span class='ocrx_word' id='word_1_178' title='bbox 173 2115 282 2179; x_wconf 87' lang='lat' dir='ltr'>omnis</span> <span class='ocrx_word' id='word_1_179' title='bbox 320 2114 465 2179; x_wconf 88' lang='lat' dir='ltr'>definitio</span> <span class='ocrx_word' id='word_1_180' title='bbox 498 2116 696 2198; x_wconf 86' lang='lat' dir='ltr'>contineret3</span> <span class='ocrx_word' id='word_1_181' title='bbox 732 2115 852 2179; x_wconf 92' lang='lat' dir='ltr'>etenim</span> <span class='ocrx_word' id='word_1_182' title='bbox 884 2115 982 2198; x_wconf 90' lang='lat' dir='ltr'>ratio,</span> <span class='ocrx_word' id='word_1_183' title='bbox 1019 2136 1084 2198; x_wconf 91' lang='lat' dir='ltr'>qua</span> 
     </span>
     <span class='ocr_line' id='line_1_24' title="bbox 62 2202 1084 2288; baseline -0.002 -20"><span class='ocrx_word' id='word_1_184' title='bbox 62 2225 137 2268; x_wconf 89' lang='lat' dir='ltr'>una</span> <span class='ocrx_word' id='word_1_185' title='bbox 159 2206 367 2288; x_wconf 86' lang='lat' dir='ltr'>praestamus</span> <span class='ocrx_word' id='word_1_186' title='bbox 389 2202 504 2284; x_wconf 93' lang='lat' dir='ltr'>beluis,</span> <span class='ocrx_word' id='word_1_187' title='bbox 527 2223 585 2286; x_wconf 94' lang='lat' dir='ltr'>per</span> <span class='ocrx_word' id='word_1_188' title='bbox 608 2224 706 2285; x_wconf 89' lang='lat' dir='ltr'>quam</span> <span class='ocrx_word' id='word_1_189' title='bbox 726 2203 911 2268; x_wconf 91' lang='lat' dir='ltr'>coniectura</span> <span class='ocrx_word' id='word_1_190' title='bbox 928 2203 1084 2286; x_wconf 86' lang='lat' dir='ltr'>valemus,</span> 
     </span>
     <span class='ocr_line' id='line_1_25' title="bbox 65 2288 1084 2376; baseline -0.002 -21"><span class='ocrx_word' id='word_1_191' title='bbox 65 2295 354 2376; x_wconf 83' lang='lat' dir='ltr'>argumentamur,</span> <span class='ocrx_word' id='word_1_192' title='bbox 377 2288 570 2373; x_wconf 85' lang='lat' dir='ltr'>refellimus,</span> <span class='ocrx_word' id='word_1_193' title='bbox 593 2289 794 2374; x_wconf 86' lang='lat' dir='ltr'>disserimus,</span> <span class='ocrx_word' id='word_1_194' title='bbox 817 2291 1002 2356; x_wconf 89' lang='lat' dir='ltr'>conficimus</span> <span class='ocrx_word' id='word_1_195' title='bbox 1026 2290 1084 2354; x_wconf 92' lang='lat' dir='ltr'>ali·</span> 
     </span>
     <span class='ocr_line' id='line_1_26' title="bbox 21 2377 1084 2463; baseline 0.004 -25"><span class='ocrx_word' id='word_1_196' title='bbox 21 2397 49 2438; x_wconf 81' lang='grc'>11</span> <span class='ocrx_word' id='word_1_197' title='bbox 66 2379 159 2463; x_wconf 92' lang='lat' dir='ltr'>quid,</span> <span class='ocrx_word' id='word_1_198' title='bbox 183 2379 415 2462; x_wconf 82' lang='lat' dir='ltr'>concludimus,</span> <span class='ocrx_word' id='word_1_199' title='bbox 438 2380 524 2443; x_wconf 87' lang='lat' dir='ltr'>certe</span> <span class='ocrx_word' id='word_1_200' title='bbox 547 2381 598 2442; x_wconf 87' lang='lat' dir='ltr'>est</span> <span class='ocrx_word' id='word_1_201' title='bbox 620 2378 808 2459; x_wconf 89' lang='lat' dir='ltr'>communis,</span> <span class='ocrx_word' id='word_1_202' title='bbox 831 2379 979 2444; x_wconf 88' lang='lat' dir='ltr'>doctrina</span> <span class='ocrx_word' id='word_1_203' title='bbox 996 2377 1084 2442; x_wconf 79' lang='lat' dir='ltr'>diffe</span> 
     </span>
     <span class='ocr_line' id='line_1_27' title="bbox 64 2464 1084 2552; baseline -0.002 -20"><span class='ocrx_word' id='word_1_204' title='bbox 64 2488 157 2550; x_wconf 88' lang='lat' dir='ltr'>rens,</span> <span class='ocrx_word' id='word_1_205' title='bbox 181 2466 325 2532; x_wconf 90' lang='lat' dir='ltr'>discendi</span> <span class='ocrx_word' id='word_1_206' title='bbox 348 2466 478 2550; x_wconf 91' lang='lat' dir='ltr'>quidem</span> <span class='ocrx_word' id='word_1_207' title='bbox 499 2466 656 2530; x_wconf 88' lang='lat' dir='ltr'>facultate</span> <span class='ocrx_word' id='word_1_208' title='bbox 674 2488 743 2552; x_wconf 90' lang='lat' dir='ltr'>par.</span> <span class='ocrx_word' id='word_1_209' title='bbox 778 2464 865 2530; x_wconf 87' lang='lat' dir='ltr'>Nam</span> <span class='ocrx_word' id='word_1_210' title='bbox 884 2469 918 2530; x_wconf 88' lang='lat' dir='ltr'>et</span> <span class='ocrx_word' id='word_1_211' title='bbox 936 2465 1084 2530; x_wconf 85' lang='lat' dir='ltr'>sensibus</span> 
     </span>
     <span class='ocr_line' id='line_1_28' title="bbox 66 2553 1086 2639; baseline -0.002 -19"><span class='ocrx_word' id='word_1_212' title='bbox 66 2555 186 2630; x_wconf 87' lang='lat' dir='ltr'>eadem</span> <span class='ocrx_word' id='word_1_213' title='bbox 215 2555 325 2619; x_wconf 90' lang='lat' dir='ltr'>omnia</span> <span class='ocrx_word' id='word_1_214' title='bbox 352 2553 669 2639; x_wconf 79' lang='lat' dir='ltr'>conprehendantur,</span> <span class='ocrx_word' id='word_1_215' title='bbox 701 2556 734 2618; x_wconf 92' lang='lat' dir='ltr'>et</span> <span class='ocrx_word' id='word_1_216' title='bbox 762 2575 812 2637; x_wconf 94' lang='lat' dir='ltr'>ea,</span> <span class='ocrx_word' id='word_1_217' title='bbox 843 2575 925 2638; x_wconf 89' lang='lat' dir='ltr'>quae</span> <span class='ocrx_word' id='word_1_218' title='bbox 952 2556 1086 2618; x_wconf 88' lang='lat' dir='ltr'>movent</span> 
     </span>
     <span class='ocr_line' id='line_1_29' title="bbox 66 2641 1085 2726; baseline -0.004 -17"><span class='ocrx_word' id='word_1_219' title='bbox 66 2665 198 2726; x_wconf 79' lang='lat' dir='ltr'>sensus,</span> <span class='ocrx_word' id='word_1_220' title='bbox 221 2643 335 2707; x_wconf 90' lang='lat' dir='ltr'>itidem</span> <span class='ocrx_word' id='word_1_221' title='bbox 358 2645 491 2707; x_wconf 90' lang='lat' dir='ltr'>movent</span> <span class='ocrx_word' id='word_1_222' title='bbox 509 2642 663 2725; x_wconf 88' lang='lat' dir='ltr'>omnium,</span> <span class='ocrx_word' id='word_1_223' title='bbox 687 2662 832 2726; x_wconf 87' lang='lat' dir='ltr'>quaeque</span> <span class='ocrx_word' id='word_1_224' title='bbox 849 2642 884 2705; x_wconf 89' lang='lat' dir='ltr'>in</span> <span class='ocrx_word' id='word_1_225' title='bbox 903 2641 1020 2707; x_wconf 90' lang='lat' dir='ltr'>animis</span> <span class='ocrx_word' id='word_1_226' title='bbox 1038 2641 1085 2705; x_wconf 91' lang='lat' dir='ltr'>in·</span> 
     </span>
     <span class='ocr_line' id='line_1_30' title="bbox 65 2729 1085 2818; baseline -0.003 -22"><span class='ocrx_word' id='word_1_227' title='bbox 65 2733 273 2818; x_wconf 79' lang='lat' dir='ltr'>primuntur,</span> <span class='ocrx_word' id='word_1_228' title='bbox 297 2730 336 2796; x_wconf 92' lang='lat' dir='ltr'>de</span> <span class='ocrx_word' id='word_1_229' title='bbox 360 2730 478 2815; x_wconf 87' lang='lat' dir='ltr'>quibus</span> <span class='ocrx_word' id='word_1_230' title='bbox 502 2733 577 2794; x_wconf 90' lang='lat' dir='ltr'>ante</span> <span class='ocrx_word' id='word_1_231' title='bbox 600 2729 679 2813; x_wconf 83' lang='lat' dir='ltr'>dixi,</span> <span class='ocrx_word' id='word_1_232' title='bbox 702 2730 873 2794; x_wconf 87' lang='lat' dir='ltr'>inchoatae</span> <span class='ocrx_word' id='word_1_233' title='bbox 896 2730 1085 2816; x_wconf 81' lang='lat' dir='ltr'>intellegen-</span> 
     </span>
     <span class='ocr_line' id='line_1_31' title="bbox 22 2817 1085 2903; baseline -0.002 -19"><span class='ocrx_word' id='word_1_234' title='bbox 22 2839 51 2878; x_wconf 77' lang='grc'>10</span> <span class='ocrx_word' id='word_1_235' title='bbox 65 2822 151 2903; x_wconf 89' lang='lat' dir='ltr'>tiae,</span> <span class='ocrx_word' id='word_1_236' title='bbox 182 2819 337 2884; x_wconf 90' lang='lat' dir='ltr'>similiter</span> <span class='ocrx_word' id='word_1_237' title='bbox 362 2819 399 2882; x_wconf 93' lang='lat' dir='ltr'>in</span> <span class='ocrx_word' id='word_1_238' title='bbox 426 2817 576 2882; x_wconf 90' lang='lat' dir='ltr'>omnibus</span> <span class='ocrx_word' id='word_1_239' title='bbox 601 2818 833 2903; x_wconf 89' lang='lat' dir='ltr'>inprimuntur,</span> <span class='ocrx_word' id='word_1_240' title='bbox 860 2817 1085 2902; x_wconf 87' lang='lat' dir='ltr'>interpresque</span> 
     </span>
     <span class='ocr_line' id='line_1_32' title="bbox 66 2905 1086 2992; baseline -0.004 -18"><span class='ocrx_word' id='word_1_241' title='bbox 66 2907 192 2974; x_wconf 88' lang='lat' dir='ltr'>mentis</span> <span class='ocrx_word' id='word_1_242' title='bbox 226 2907 332 2973; x_wconf 89' lang='lat' dir='ltr'>oratio</span> <span class='ocrx_word' id='word_1_243' title='bbox 364 2906 473 2971; x_wconf 83' lang='lat' dir='ltr'>verbis</span> <span class='ocrx_word' id='word_1_244' title='bbox 503 2905 665 2989; x_wconf 88' lang='lat' dir='ltr'>discrepat</span> <span class='ocrx_word' id='word_1_245' title='bbox 693 2905 862 2970; x_wconf 89' lang='lat' dir='ltr'>sententiis</span> <span class='ocrx_word' id='word_1_246' title='bbox 890 2927 1086 2992; x_wconf 78' lang='lat' dir='ltr'>congruens3</span> 
     </span>
     <span class='ocr_line' id='line_1_33' title="bbox 64 2993 1085 3080; baseline -0.004 -18"><span class='ocrx_word' id='word_1_247' title='bbox 64 3019 129 3062; x_wconf 89' lang='lat' dir='ltr'>nec</span> <span class='ocrx_word' id='word_1_248' title='bbox 153 3001 205 3061; x_wconf 89' lang='lat' dir='ltr'>est</span> <span class='ocrx_word' id='word_1_249' title='bbox 228 2995 402 3079; x_wconf 83' lang='lat' dir='ltr'>quisquam</span> <span class='ocrx_word' id='word_1_250' title='bbox 425 2993 533 3080; x_wconf 83' lang='lat' dir='ltr'>gentis</span> <span class='ocrx_word' id='word_1_251' title='bbox 555 2993 668 3076; x_wconf 78' lang='grc'>111111,</span> <span class='ocrx_word' id='word_1_252' title='bbox 691 2994 748 3078; x_wconf 92' lang='lat' dir='ltr'>qui</span> <span class='ocrx_word' id='word_1_253' title='bbox 770 2994 883 3059; x_wconf 90' lang='lat' dir='ltr'>ducem</span> <span class='ocrx_word' id='word_1_254' title='bbox 905 2997 1020 3058; x_wconf 89' lang='lat' dir='ltr'>nactus</span> <span class='ocrx_word' id='word_1_255' title='bbox 1044 2994 1085 3059; x_wconf 87' lang='lat' dir='ltr'>ad</span> 
     </span>
     <span class='ocr_line' id='line_1_34' title="bbox 65 3081 646 3168; baseline -0.01 -17"><span class='ocrx_word' id='word_1_256' title='bbox 65 3087 229 3151; x_wconf 82' lang='lat' dir='ltr'>virtutem</span> <span class='ocrx_word' id='word_1_257' title='bbox 252 3081 422 3168; x_wconf 84' lang='lat' dir='ltr'>pervenire</span> <span class='ocrx_word' id='word_1_258' title='bbox 443 3103 511 3146; x_wconf 89' lang='lat' dir='ltr'>non</span> <span class='ocrx_word' id='word_1_259' title='bbox 532 3081 646 3166; x_wconf 89' lang='lat' dir='ltr'>possit.</span> 
     </span>
    </p>

    <p class='ocr_par' dir='ltr' id='par_1_4' title="bbox 25 3152 1136 3433">
     <span class='ocr_line' id='line_1_35' title="bbox 137 3152 1136 3279; baseline 0 -43"><span class='ocrx_word' id='word_1_260' title='bbox 137 3170 209 3236; x_wconf 89' lang='lat' dir='ltr'>Nec</span> <span class='ocrx_word' id='word_1_261' title='bbox 232 3172 340 3235; x_wconf 87' lang='lat' dir='ltr'>solum</span> <span class='ocrx_word' id='word_1_262' title='bbox 363 3171 399 3234; x_wconf 92' lang='lat' dir='ltr'>in</span> <span class='ocrx_word' id='word_1_263' title='bbox 420 3169 527 3253; x_wconf 90' lang='lat' dir='ltr'>rectis,</span> <span class='ocrx_word' id='word_1_264' title='bbox 551 3169 607 3233; x_wconf 89' lang='lat' dir='ltr'>sed</span> <span class='ocrx_word' id='word_1_265' title='bbox 631 3169 730 3234; x_wconf 90' lang='lat' dir='ltr'>etiam</span> <span class='ocrx_word' id='word_1_266' title='bbox 748 3170 784 3234; x_wconf 92' lang='lat' dir='ltr'>in</span> <span class='ocrx_word' id='word_1_267' title='bbox 801 3170 1020 3256; x_wconf 84' lang='lat' dir='ltr'>pravitatibus</span> <span class='ocrx_word' id='word_1_268' title='bbox 1038 3170 1085 3236; x_wconf 92' lang='lat' dir='ltr'>in·</span> <span class='ocrx_word' id='word_1_269' title='bbox 1096 3152 1136 3279; x_wconf 57' lang='lat'>13}</span> 
     </span>
     <span class='ocr_line' id='line_1_36' title="bbox 25 3257 1085 3348; baseline 0.003 -27"><span class='ocrx_word' id='word_1_270' title='bbox 25 3260 176 3348; x_wconf 66' lang='lat' dir='ltr'>insignis</span> <span class='ocrx_word' id='word_1_271' title='bbox 200 3264 252 3324; x_wconf 91' lang='lat' dir='ltr'>est</span> <span class='ocrx_word' id='word_1_272' title='bbox 274 3257 411 3323; x_wconf 91' lang='lat' dir='ltr'>humani</span> <span class='ocrx_word' id='word_1_273' title='bbox 434 3257 560 3343; x_wconf 82' lang='lat' dir='ltr'>generis</span> <span class='ocrx_word' id='word_1_274' title='bbox 584 3257 771 3324; x_wconf 89' lang='lat' dir='ltr'>similitudo.</span> <span class='ocrx_word' id='word_1_275' title='bbox 808 3258 894 3324; x_wconf 90' lang='lat' dir='ltr'>Nam</span> <span class='ocrx_word' id='word_1_276' title='bbox 918 3261 951 3323; x_wconf 90' lang='lat' dir='ltr'>et</span> <span class='ocrx_word' id='word_1_277' title='bbox 973 3260 1085 3344; x_wconf 86' lang='lat' dir='ltr'>volup-</span> 
     </span>
     <span class='ocr_line' id='line_1_37' title="bbox 29 3346 1084 3433; baseline -0.003 -19"><span class='ocrx_word' id='word_1_278' title='bbox 29 3373 35 3385; x_wconf 91' lang='lat'><strong>·</strong></span> <span class='ocrx_word' id='word_1_279' title='bbox 65 3355 140 3416; x_wconf 89' lang='lat' dir='ltr'>tate</span> <span class='ocrx_word' id='word_1_280' title='bbox 168 3348 344 3433; x_wconf 86' lang='lat' dir='ltr'>capiuntur</span> <span class='ocrx_word' id='word_1_281' title='bbox 371 3367 498 3429; x_wconf 89' lang='lat' dir='ltr'>omnes,</span> <span class='ocrx_word' id='word_1_282' title='bbox 527 3367 610 3428; x_wconf 89' lang='lat' dir='ltr'>quae</span> <span class='ocrx_word' id='word_1_283' title='bbox 638 3346 700 3410; x_wconf 88' lang='lat' dir='ltr'>etsi</span> <span class='ocrx_word' id='word_1_284' title='bbox 727 3350 777 3410; x_wconf 90' lang='lat' dir='ltr'>est</span> <span class='ocrx_word' id='word_1_285' title='bbox 799 3347 962 3412; x_wconf 91' lang='lat' dir='ltr'>inlecebra</span> <span class='ocrx_word' id='word_1_286' title='bbox 984 3347 1084 3432; x_wconf 88' lang='lat' dir='ltr'>turpi·</span> 
     </span>
    </p>

    <p class='ocr_par' dir='ltr' id='par_1_5' title="bbox 64 3432 1085 3520">
     <span class='ocr_line' id='line_1_38' title="bbox 64 3432 1085 3520; baseline -0.002 -16"><span class='ocrx_word' id='word_1_287' title='bbox 64 3436 209 3520; x_wconf 86' lang='lat' dir='ltr'>tudinis,</span> <span class='ocrx_word' id='word_1_288' title='bbox 236 3438 349 3499; x_wconf 90' lang='lat' dir='ltr'>tamen</span> <span class='ocrx_word' id='word_1_289' title='bbox 375 3433 477 3498; x_wconf 89' lang='lat' dir='ltr'>habet</span> <span class='ocrx_word' id='word_1_290' title='bbox 504 3432 658 3517; x_wconf 92' lang='lat' dir='ltr'>quiddam</span> <span class='ocrx_word' id='word_1_291' title='bbox 683 3434 789 3500; x_wconf 86' lang='lat' dir='ltr'>simile</span> <span class='ocrx_word' id='word_1_292' title='bbox 810 3434 970 3500; x_wconf 89' lang='lat' dir='ltr'>naturalis</span> <span class='ocrx_word' id='word_1_293' title='bbox 993 3435 1085 3520; x_wconf 82' lang='lat' dir='ltr'>boni3</span> 
     </span>
    </p>
   </div>
   <div class='ocr_carea' id='block_1_4' title="bbox 0 0 1296 3876">
    <p class='ocr_par' dir='ltr' id='par_1_6' title="bbox 0 0 1296 3876">
     <span class='ocr_line' id='line_1_39' title="bbox 0 0 1296 3876; baseline 0 0"><span class='ocrx_word' id='word_1_294' title='bbox 0 0 1296 3876; x_wconf 95' lang='lat' dir='ltr'> </span> 
     </span>
    </p>
   </div>
  </div>
 </body>
</html>
