2610 3894
179 84 243 169 1'44
528 105 577 160 nn
595 105 839 162 DIVINATIONE

175 248 249 304 falsa
266 246 331 316 sint,
352 246 489 316 quaedam
502 245 622 314 nonita,
640 245 684 301 uti
696 247 843 318 praedicta
856 247 921 318 sint,
941 247 1080 304 eveniant.
1119 249 1196 303 Mul-

175 321 220 374 tas
244 317 320 374 enim
342 317 551 389 praedictiones
574 318 707 372 eventum
723 318 868 387 habuisse,
893 319 968 388 quod
985 336 1089 390 negare
1107 337 1194 376 nemo

175 388 472 530 addidisti&
485 387 632 513 teth
647 387 1194 518 fidhmriihdviiitihssffiiidiii

175 501 299 586 dixerint
306 477 400 600 ,qartis
418 547 505 584 unum
522 477 681 600 partice’psc,l
694 547 792 612 expers
811 530 939 587 alterum.
977 479 1077 586 Ga‘rere
1095 533 1194 588 autem

175 603 318 684 arteteos,
341 600 390 670 qui
407 617 464 682 nqn
482 601 591 682 ratione
610 601 661 654 aut
678 603 840 685 comectura
858 602 1012 683 observatis
1032 619 1070 685 ac·
1082 604 1192 660 notatis

174 672 550 813 retardasset?
570 670 1192 825 emesam

175 832 225 870 nes
244 831 295 886 per
313 813 428 871 oracula
445 815 517 883 (cap.
538 817 580 879 18,
600 817 633 867 19
652 818 667 878 5
687 819 811 881 aes-41),
830 831 881 885 per
899 831 1008 868 somma
1026 817 1098 887 (cap.
1119 823 1191 871 20-

174 892 211 940 30
228 891 244 952 5
262 887 378 954 42-65)
396 883 520 952 itemque
538 879 756 939 vaticinationes
774 883 927 938 furentium
945 889 1016 955 (cap.
1036 892 1069 940 31
1090 893 1191 952 565-

175 960 229 1023 61).
267 956 414 1010 Extremae
436 953 504 1008 huic
527 951 715 1022 disputationi
736 953 888 1026 Chrysippi
910 957 1118 1025 argumentatio
1142 957 1193 1012 ad-

174 1025 260 1080 icitur
290 1026 361 1080 haec
389 1023 537 1080 divinandi
562 1039 667 1092 genera
692 1041 761 1080 vera
787 1043 848 1080 esse
876 1025 1027 1081 statuentis
1055 1032 1127 1099 (cap.
1156 1035 1192 1085 32

174 1103 192 1164 ἓ
245 1100 354 1222 Deinde
381 1164 587 1237 perlustrantur
613 1165 797 1222 divinationis
825 1166 981 1223 artificialis
1008 1185 1125 1238 genera,
1153 1169 1192 1224 ad

175 1254 247 1308 quae
269 1237 446 1308 haruspices,
472 1253 604 1307 augures,
632 1237 804 1294 coniectores
825 1237 993 1309 pertineant.
1030 1239 1193 1294 Eorundem

174 1309 232 1364 alia
257 1325 318 1364 csse
343 1307 374 1362 iu
399 1306 551 1378 disciplina
574 1311 604 1366 et
626 1308 815 1365 monumentis
839 1309 946 1378 posita,
972 1309 1030 1364 alia
1047 1310 1078 1365 in
1096 1311 1194 1366 subita

176 1379 338 1436 coniectura
356 1381 426 1448 (cap.
442 1385 547 1435 33-31
567 1383 721 1448 512-80).
749 1379 820 1433 Tum
838 1378 963 1450 exponit,
983 1380 1082 1449 quibua
1101 1381 1192 1437 Stoici

174 1448 331 1506 rationibus
346 1449 573 1505 confirmaverint
586 1467 647 1506 esse
662 1449 867 1505 divinationem
880 1454 952 1521 (cap.
967 1456 1001 1506 38
1017 1468 1074 1521 seq.
1089 1458 1104 1518 5
1118 1458 1191 1508 81-

174 1526 228 1590 87).
265 1522 338 1589 Iam,
362 1519 411 1590 qui
434 1519 638 1576 divinationem
663 1537 725 1576 esse
742 1521 859 1590 negent,
884 1520 960 1590 quod
976 1522 1056 1576 nulla
1073 1522 1112 1577 sit
1129 1522 1193 1579 eius
1225 1587 1229 1592 .

173 1594 247 1648 ratio
271 1594 300 1647 ct
318 1607 415 1660 causa,
439 1607 487 1646 eos
506 1608 610 1660 errare;
633 1607 699 1648 narn
718 1591 908 1660 quaerendum
927 1608 1001 1661 esse,
1025 1593 1098 1649 sitne
1118 1593 1192 1649 divi·

173 1664 252 1719 natio
270 1679 367 1731 necne,
386 1679 444 1716 non
462 1680 517 1731 quo
535 1663 620 1718 modo
638 1663 696 1717 fiat.
729 1661 827 1731 Neque
846 1678 913 1717 vero
931 1661 1028 1717 autin
1040 1665 1101 1719 vita
1115 1680 1192 1719 com-

173 1735 252 1790 muni
277 1735 328 1789 aut
349 1750 367 1787 a
389 1732 567 1804 philosophis
592 1733 728 1802 dubitari,
755 1732 823 1802 quin
845 1733 885 1788 sit
907 1732 1044 1789 divinatio
1063 1737 1134 1806 (cap.
1153 1742 1192 1792 40

174 1812 189 1872 5
208 1807 333 1873 87-89).
370 1803 459 1858 Recte
483 1804 570 1858 etiam
592 1804 700 1859 moveri
723 1803 832 1858 animos
854 1804 1000 1859 hominurn
1018 1805 1191 1875 antiquitate

173 1874 337 1930 clarissimis
355 1873 528 1929 testimoniis
546 1876 652 1930 testata
671 1876 701 1930 et
714 1875 880 1944 consignata
894 1876 965 1945 (cap.
979 1881 1013 1930 41
1033 1882 1049 1942 5
1063 1881 1191 1948 90-92),

173 1947 204 2000 et
225 1947 256 2000 in
279 1944 388 2016 optima
409 1961 519 2014 quaque
537 1961 567 2000 re
585 1945 700 2027 publica
718 1961 782 2000 cum
800 1947 894 2000 cetera
914 1944 1060 2000 divinandi
1098 1964 1191 2017 enera,

173 2019 235 2070 tum
252 2015 380 2086 auspicia
397 2031 508 2086 semper
522 2014 645 2072 valuisse
659 2023 729 2086 (cap.
744 2021 850 2071 42—48
869 2023 885 2082 5
899 2021 1043 2087 93—108).
1071 1965 1192 2074 &mem

172 2102 241 2141 vero
267 2084 450 2141 divinationis
474 2085 534 2140 vim
560 2087 590 2141 et
613 2086 751 2157 originem
775 2085 951 2142 referendam
968 2102 1030 2144 esse
1049 2088 1086 2142 ad
1104 2089 1191 2145 deum

174 2160 245 2227 (cap.
264 2161 370 2212 49-55
394 2162 409 2222 5
429 2161 594 2224 toa-126),
618 2157 655 2212 ad
673 2157 764 2212 fatum
782 2161 853 2228 (cap.
874 2163 910 2213 56
928 2163 943 2224 5
963 2163 1127 2232 lat-128),
1151 2161 1192 2215 ad

172 2229 304 2282 naturam
321 2228 394 2297 (cap
415 2233 458 2294 ti,
478 2232 512 2282 58
531 2233 547 2294 5
567 2231 725 2297 129-132).

134 2496 151 2621 ξ
239 2531 344 2598 Vetus
368 2530 478 2616 opinio
500 2534 550 2596 est
569 2531 634 2597 iam
653 2554 754 2616 usque
774 2533 815 2598 ab
833 2531 973 2599 heroicis
992 2533 1090 2600 ducta
1107 2537 1190 2600 tem-

172 2621 316 2708 poribus,
340 2642 442 2705 eaque
465 2622 498 2684 et
520 2620 636 2705 populi
654 2620 794 2686 Romani
817 2624 851 2686 et
874 2623 1020 2687 omnium
1039 2623 1189 2708 gentium

172 2712 304 2775 firmata
326 2729 499 2792 consensu,
525 2709 651 2774 versari
674 2708 837 2793 quandam
860 2709 947 2774 inter
968 2710 1119 2776 homines
1143 2711 1190 2776 di·

171 2798 386 2882 vinationem,
415 2818 512 2882 quam
538 2795 654 2862 Graeci
682 2795 845 2882 μαντικήν
869 2799 1051 2884 appellant,
1078 2798 1189 2864 idest

170 2886 434 2970 praesensionem
458 2888 491 2950 ct
514 2885 685 2951 scientiam
703 2907 812 2952 rerum
829 2886 1023 2952 futurarum.
1060 2886 1188 2974 Magni·
1217 2906 1234 2948 s

171 2975 233 3040 fica
256 2974 415 3060 quaedam
438 2996 491 3039 res
515 2977 548 3038 et
570 2974 740 3058 salutaris,
763 2975 792 3039 si
815 2976 911 3041 modo
935 2975 1086 3060 catulla,
1110 2997 1188 3060 qua»

171 3083 233 3144 que
260 3063 407 3147 proxime
436 3061 477 3126 ad
504 3063 637 3128 deorum
664 3062 732 3128 vim
759 3066 878 3128 natura
905 3063 1056 3130 mortalis
1079 3065 1188 3149 possit

171 3151 330 3215 accedere.
384 3150 500 3235 Itaque
538 3153 575 3215 ut
608 3151 674 3215 alia
704 3172 764 3216 nos
797 3151 914 3218 meiius
947 3153 1053 3218 multa
1085 3173 1187 3236 quam

171 3235 300 3320 Graeci,
329 3237 375 3303 sic
397 3238 474 3304 huic
496 3239 798 3324 praestantissimae
822 3240 869 3306 rei
892 3263 1013 3306 nomen
1034 3240 1142 3306 nostri
1166 3263 1188 3308 a

170 3325 263 3408 divis,
282 3324 407 3410 Graeci,
424 3329 462 3391 ut
476 3326 573 3392 Plato
592 3327 836 3413 interpretatur,
856 3328 1231 3396 afuroreduxerunt.1o

132 3412 310 3478 aGentem
340 3413 470 3498 quidem
499 3415 626 3480 nullam
656 3416 749 3482 video
776 3438 880 3501 neque
907 3421 978 3482 tam
1004 3417 1186 3484 humanam
