2596 3882
199 135 265 199 272
565 134 615 189 DE
633 134 682 188 RE
700 132 857 188 PUBLICA

196 275 336 346 publicae,
355 292 440 344 quam
458 274 529 330 dicit
546 291 606 331 esse
625 292 685 330 rem
702 273 809 346 populi,
827 273 965 344 populum
984 274 1079 328 autem
1098 273 1213 326 coetum

196 346 386 401 multitudinis
410 363 546 402 consensu
568 345 637 400 iuris
657 347 687 400 et
703 345 837 400 utilitatis
857 344 1052 412 commqnione
1071 342 1213 398 sociatum

198 420 270 499 (cap.
290 423 343 482 25).
380 416 489 472 Deinde
508 434 619 472 omnem
637 433 697 472 rem
734 414 870 484 ublicam,
895 415 954 470 sive
973 431 992 469 a
1008 430 1076 484 rege
1095 413 1155 495 sive
1174 414 1212 466 ab

198 488 380 558 optimatibus
408 487 467 543 sive
494 488 529 541 ab
557 488 567 542 i
589 504 619 541 so
642 435 748 569 populo
772 485 997 556 administretur,
1025 484 1143 539 consrho
1168 501 1213 565 re·

196 559 318 628 gendam
336 574 397 613 esse
416 560 520 614 censet.
577 576 623 611 um
642 559 832 626 mterrogatus
850 573 869 611 a
882 556 988 622 Laelio,
1007 571 1092 624 quam
1109 555 1145 609 de
1160 555 1211 608 trr-

196 629 248 684 bus
266 629 330 684 istis
348 628 586 683 administrandae
604 627 683 682 illius
700 627 798 682 formis
817 626 955 696 optimam
967 625 1082 692 iudicet,
1100 624 1212 679 nullam

197 716 292 754 earum
311 699 366 754 sibi
384 699 453 754 satis
471 699 564 754 facere
581 698 743 769 respondet,
763 697 813 752 sed
832 699 961 766 quartam
979 697 1121 766 quandam
1138 697 1211 750 tem·
1281 745 1282 752 ,

218 771 324 826 eratam
342 771 373 824 et
390 769 576 839 compositam
594 786 629 824 ex
647 768 775 823 omnibus
794 770 865 838 (cap.
882 771 935 837 29).
967 769 1094 823 Instante
1114 767 1212 820 autem

196 789 302 907 Maelio,
320 841 360 908 ut,
379 856 464 909 quam
482 839 517 894 de
535 840 625 894 tribus
640 838 698 893 illis
712 837 966 893 administrationis
980 837 1136 893 rationibus
1150 853 1211 890 ma·
1281 849 1282 856 ¹

196 911 270 965 xime
292 910 406 981 probet,
430 912 527 980 aperte
544 911 721 980 profiteatur,
744 909 853 978 regiam
869 907 986 978 reliquis
1004 908 1113 964 duabus
1131 910 1211 962 ante·

196 980 279 1051 ponit
300 999 364 1035 cum
386 982 542 1035 ceterorum
565 980 762 1051 plurimorum,
784 982 846 1034 tum
863 979 952 1050 ipsius
971 979 1071 1050 populi
1088 977 1212 1033 Romani

195 1053 281 1120 atque
304 1050 347 1105 rei
370 1052 400 1105 et
423 1051 593 1106 domesticae
612 1053 643 1104 et
659 1050 779 1105 bellicae
797 1067 851 1104 usu
869 1049 951 1104 unice
970 1049 1210 1116 commendatam

197 1137 366 1190 quamquam
389 1121 539 1176 consilium
556 1121 587 1175 in
605 1120 798 1192 optimatium,
821 1120 852 1174 in
869 1119 968 1191 populi
988 1119 1105 1190 imperio
1124 1118 1211 1174 liber-

196 1194 284 1247 tatem
303 1191 453 1247 collaudat.
486 1191 613 1261 Denique
631 1190 707 1246 redit
724 1191 761 1246 ad
779 1207 850 1257 eam,
869 1208 954 1260 quam
971 1189 1029 1244 iam
1047 1206 1132 1260 supra
1144 1207 1211 1261 pro-

196 1262 286 1317 fessus
310 1267 366 1330 est,
390 1262 572 1332 sententiam,
595 1279 683 1332 genus
703 1261 744 1317 rei
761 1261 892 1331 publicae
910 1261 1050 1332 regendae
1069 1260 1211 1332 optimum

195 1332 268 1387 illud
281 1331 336 1388 sibi
350 1332 448 1401 videri,
462 1333 539 1402 quod
551 1334 671 1388 mixtum
685 1331 751 1387 site
765 1332 856 1386 tribus
870 1331 929 1386 illis
943 1332 1099 1402 generibus.
1127 1330 1211 1396 Quod

195 1402 327 1472 quoniam
345 1403 487 1459 Romanae
509 1404 550 1458 rei
573 1403 704 1474 publicae
724 1402 851 1472 exemplo
869 1401 1013 1458 illustrare
1030 1403 1211 1473 propositum

195 1475 289 1543 habet,
308 1476 400 1542 antea,
419 1476 554 1544 quantum
571 1475 643 1528 haec
661 1472 762 1528 ceteris
781 1475 915 1544 praestet,
934 1472 989 1529 sibi
1003 1472 1210 1529 ostendendum

196 1561 257 1599 esse
281 1544 352 1599 dicit
374 1548 409 1612 (c.
428 1547 553 1614 30—46).
591 1545 673 1598 Hunc
695 1545 790 1598 autem
808 1543 933 1598 Africani
953 1544 1068 1613 eiusque
1087 1543 1210 1598 familia

195 1614 267 1669 rium
285 1632 442 1670 sermonem
456 1615 553 1670 Cicero
572 1614 626 1669 sibi
645 1616 675 1669 et
692 1614 784 1668 amico
803 1615 922 1683 cuidam,
941 1615 987 1669 eui
1006 1632 1076 1685 opus
1089 1613 1210 1686 inscrip-

196 1685 241 1755 sit,
260 1685 379 1740 fortasse
397 1685 503 1753 Attico,
523 1686 656 1755 Smyrnae
675 1684 782 1755 Lepido
799 1683 899 1739 Catulo
919 1701 988 1740 coss.
1008 1701 1082 1742 anno
1100 1701 1125 1740 a.
1140 1702 1167 1741 u.
1183 1703 1208 1742 c.

195 1763 248 1811 676
266 1773 285 1810 a
301 1756 331 1813 P.
346 1755 454 1811 Rutilio
472 1757 532 1825 illo,
551 1755 600 1826 qui
618 1755 740 1810 sermoni
758 1755 932 1828 interfuerat,
949 1755 1085 1810 traditum
1102 1759 1208 1810 narrat.

245 2007 486 2088 [Desideraotur
507 2008 544 2072 in
566 2007 628 2072 cod.
657 2005 806 2073 Vaticano
822 2008 960 2090 popinae
982 2005 1111 2071 XXXI
1112 2007 1161 2090 V.]

160 2111 261 2236 }cod.
280 2159 308 2212 p.
328 2134 375 2213 ea]
451 2180 459 2196 .
483 2180 491 2196 .
514 2181 522 2195 .
547 2131 695 2214 .impetu
717 2129 959 2214 liberavissent,
982 2135 1042 2196 nec
1065 2128 1099 2196 (l.
1121 2129 1208 2197 Due-

194 2220 267 2304 lius,
290 2218 329 2284 A.
352 2217 486 2302 Atilius,
508 2217 543 2282 L.
567 2218 719 2284 Metellus
743 2223 868 2283 terrore
890 2216 1116 2305 Karthaginis,
1139 2242 1207 2286 non
1285 2265 1286 2298 ι

194 2307 256 2373 duo
286 2305 452 2392 Scipiones
480 2307 587 2371 oriens
616 2307 800 2372 incendium
829 2306 909 2371 belli
931 2305 1046 2372 Punici
1073 2309 1207 2374 secundi

194 2395 352 2482 sanguine
380 2416 438 2461 suo
466 2395 706 2479 restinxissent,
733 2416 792 2460 nec
819 2394 853 2458 id
876 2395 1053 2459 excitatum
1076 2396 1207 2462 maiori-

193 2485 254 2550 bus
282 2485 384 2570 copiis
407 2487 465 2549 aut
488 2481 524 2559 Q.
546 2482 708 2548 Maximus
731 2483 952 2549 enervavisset
975 2486 1032 2547 aut
1053 2483 1096 2548 M.
1119 2484 1206 2550 Mar·
1233 2498 1245 2539 ⁵

193 2572 294 2639 callus
322 2571 523 2639 contudisset
551 2575 608 2637 aut
637 2595 656 2636 a
683 2572 789 2657 portis
816 2571 912 2636 huius
940 2571 1031 2636 urbis
1055 2574 1205 2638 avolsum

192 2659 227 2726 Ρ.
237 2660 412 2727 Africanus
426 2660 637 2744 compulisset
649 2660 739 2724 intra
751 2658 894 2724 hostium
911 2660 1047 2725 moenia
1069 2660 1113 2725 M.
1126 2684 1205 2728 vero

192 2778 220 2829 p.
239 2751 287 2831 64]
312 2747 437 2833 Catoni,
457 2748 581 2812 homini
599 2747 714 2834 ignoto
733 2751 767 2812 et
783 2769 878 2829 novo,
898 2769 962 2832 quo
981 2769 1102 2833 omnes,
1122 2749 1128 2834 Ι
1148 2751 1205 2835 qui

191 2837 294 2902 isdem
317 2838 414 2902 rebus
438 2835 613 2918 studemus,
637 2836 730 2919 quasi
753 2836 930 2921 exemplari
949 2836 991 2901 ad
1008 2837 1204 2904 industriam

192 2925 412 3009 virtutemque
439 2924 598 3009 ducimur,
625 2927 711 2989 certe
740 2923 833 2988 licuit
856 2923 987 2990 Tusculi
1014 2946 1049 2990 se
1076 2925 1111 2990 in
1134 2928 1243 2993 otio1⁰

192 3012 353 3078 delectare
384 3013 508 3078 salubri
538 3015 572 3078 et
597 3011 781 3097 propinquo
808 3012 889 3078 loco.
934 3009 998 3078 Sed
1023 3012 1123 3080 bomo
1153 3014 1204 3081 de·

192 3121 292 3185 mens,
310 3104 348 3164 ut
365 3101 423 3166 isti
440 3104 568 3185 putant,
586 3121 660 3165 cum
673 3103 806 3186 cogeret
823 3122 897 3165 eum
910 3102 1088 3167 necessitas
1102 3104 1204 3188 nulla,

191 3187 226 3253 in
247 3188 300 3253 his
322 3189 417 3254 undis
441 3192 474 3253 et
491 3188 743 3273 tempestatibus
763 3187 804 3253 ad
823 3211 984 3254 summam
1003 3194 1204 3258 senectutem

192 3277 308 3340 maluit
335 3276 451 3342 iactari
480 3299 578 3360 quam
605 3277 640 3340 in
662 3276 722 3341 illa
744 3277 987 3361 tranquillitate
1010 3281 1109 3362 atque
1133 3281 1203 3346 otio

191 3362 420 3428 iucundissime
438 3365 556 3429 vivere.
592 3362 719 3428 Omitto
737 3364 984 3430 innumerabilis
1003 3367 1102 3448 virae,
1126 3383 1243 3450 quo-1⁵

189 3477 217 3531 p.
232 3453 281 3532 vv]
299 3473 372 3515 rum
391 3451 511 3537 singuli
532 3450 631 3516 saluti
649 3451 725 3517 huic
743 3452 869 3518 civitati
889 3451 895 3536 Ι
913 3453 1054 3537 fuerunt,
1073 3457 1107 3519 et
1125 3458 1204 3539 quia
