2590 3880
342 179 408 236 ma.
428 179 449 236 1.
469 178 545 236 oar.
565 185 679 236 ,τη-34.
697 185 714 247 s
733 145 846 236 s1-aa
1055 179 1101 246 35

84 323 253 410 ingratus,
275 321 523 409 Nausiphancn,
552 323 748 410 magistrum
772 345 879 408 suum,
907 345 1014 408 aquo
1036 343 1101 389 noa

84 412 171 476 nihil
195 411 360 497 didicerat,
384 415 453 477 tam
471 412 558 478 male
577 412 743 497 acceperit.
780 411 867 476 Zeno
887 411 1016 495 quidem
1034 433 1101 476 non
1111 413 1154 480 34

84 521 143 566 eos
168 500 289 585 solum,
312 500 367 586 qui
390 503 590 583 tumerent,
613 499 860 585 Apollodorum,
883 497 996 584 Silum,
1019 503 1101 565 cete-

85 609 153 671 ros,
175 589 301 674 figebat
322 588 514 674 maledictis,
536 589 593 653 sed
613 586 769 654 Socraten
790 588 908 673 ipsum,
930 591 1100 674 parentem

59 676 333 762 ephilosophiae,
364 675 481 741 Latino
515 677 615 742 verbo
647 681 742 742 utens
774 697 919 742 scurram
951 675 1101 742 Atticum

83 765 190 830 faisse
209 765 346 850 dicebat,
368 763 587 849 Chrysippum
604 787 783 850 numquam
799 765 864 828 nisi
882 762 1101 849 Chrysippam

83 853 242 936 vocabat3
273 857 310 918 tu
336 853 407 938 ipse
434 853 533 938 paulo
561 857 636 918 ante
662 875 735 918 cum
758 856 927 936 tamquam
951 856 1101 918 senatum
1120 867 1154 917 94

84 941 360 1027 philosophorum
381 942 546 1023 recitares,
570 963 714 1006 summos
736 941 823 1006 viros
847 941 1001 1026 desipere,
1024 940 1102 1006 deli·

83 1051 171 1112 rare,
197 1029 355 1094 dementis
379 1049 450 1094 esse
473 1029 611 1094 dicebas.
652 1028 797 1104 Quorum
819 1029 965 1094 sinemo
988 1049 1102 1094 verum

45 1137 71 1176 ιο
85 1117 173 1182 vidit
200 1117 239 1182 de
266 1120 386 1182 natura
411 1117 559 1201 deorum,
587 1117 763 1182 verendum
786 1121 851 1202 est,
876 1117 1035 1182 nonulla
1058 1116 1102 1180 sit

85 1205 231 1271 omnino.
276 1203 362 1270 Nam
384 1205 465 1289 ista,
494 1227 575 1290 quae
596 1227 656 1270 vos
680 1206 799 1289 dicitis,
823 1209 899 1269 sunt
922 1208 994 1271 tota
1017 1227 1102 1271 com·

85 1293 252 1378 menticia,
268 1293 325 1359 vix
346 1293 446 1380 digna
458 1294 683 1359 lucubratione
697 1294 912 1377 anicularum3
932 1294 1102 1359 nonenim

86 1381 234 1465 sentitis,
264 1402 362 1466 quam
385 1381 490 1447 multa
512 1382 606 1448 vobis
629 1382 832 1467 suscipienda
855 1382 934 1466 sint,
962 1382 991 1447 si
1012 1382 1102 1467 inpe-

84 1469 226 1552 traritis,
249 1473 286 1534 nt
309 1470 521 1536 concedamus
544 1469 680 1536 eandem
702 1469 871 1535 hominum
888 1491 960 1536 esse
978 1474 1010 1536 et
1029 1471 1102 1535 deo-

45 1577 69 1618 15
85 1581 161 1623 rum
190 1557 338 1643 figuram.
384 1557 498 1624 Omnis
526 1559 632 1624 cultus
660 1561 694 1623 et
721 1558 845 1624 curatio
870 1559 1015 1643 corporis
1039 1559 1102 1623 erit

85 1646 202 1711 eadem
226 1645 409 1711 adhibenda
431 1646 499 1730 deo,
522 1669 605 1731 quae
628 1646 800 1712 adhibetur
821 1646 957 1731 homini,
978 1647 1102 1733 ingres-

87 1756 159 1817 sus,
183 1755 305 1819 cursus,
327 1735 498 1819 accubitio,
520 1735 701 1818 inclinatio,
724 1734 836 1819 sessio,
859 1735 1101 1819 conprehensio,

85 1823 130 1888 ad
159 1826 340 1887 extremum
366 1823 467 1888 etiam
495 1845 602 1889 sermo
629 1827 663 1888 et
695 1823 815 1906 oratio;
845 1845 922 1888 nam
953 1824 1040 1908 quod
1069 1828 1102 1889 et
1121 1831 1155 1882 95

85 1910 191 1976 maris
215 1911 291 1975 deos
315 1914 348 1976 et
370 1910 508 1976 feminas
531 1933 601 1976 esse
626 1911 746 1997 dicitis,
770 1911 847 1996 quid
870 1916 1034 1997 sequatur,
1057 1912 1103 1978 vi-

47 2018 72 2058 ro
87 1999 184 2064 detis.
234 1999 394 2084 Equidem
422 1999 534 2064 mirari
566 2000 646 2065 satis
678 2021 744 2065 non
770 2021 918 2086 possum,
949 2001 1033 2065 unde
1062 2002 1103 2066 ad

85 2090 173 2153 istas
197 2087 365 2172 opiniones
388 2091 497 2152 vester
518 2088 576 2153 ille
598 2089 749 2174 princeps
773 2088 907 2152 venerit.
953 2085 1017 2154 Sed
1039 2090 1103 2155 cla-

86 2197 180 2241 mare
198 2196 265 2240 non
283 2175 430 2241 desinitis
448 2175 653 2241 reb'nendum
666 2177 729 2242 hoc
744 2195 822 2260 esse,
842 2177 920 2242 deus
935 2180 972 2242 ut
985 2178 1102 2243 beatus

86 2263 340 2348 inmortalisque
363 2264 415 2329 sit.
459 2262 543 2339 Quid
566 2268 675 2330 autem
699 2264 818 2348 obstat,
842 2286 905 2349 quo
929 2265 1035 2330 minus
1059 2267 1103 2331 sit

87 2354 223 2437 beatae,
251 2353 279 2416 si
299 2373 366 2417 non
390 2352 434 2417 sit
455 2352 570 2438 bipes?
598 2357 655 2418 aut
676 2353 755 2437 ista,
778 2353 847 2419 sive
869 2353 1011 2419 beatitas
1034 2354 1102 2418 sive

49 2457 74 2498 2⁵
87 2439 261 2506 beatitudo
289 2439 423 2505 dicenda
451 2445 501 2505 est
519 2439 712 2526 (utrumque
735 2441 866 2506 omnino
890 2441 1019 2525 durum,
1047 2441 1103 2506 sed

87 2551 151 2594 usu
175 2528 354 2594 mollienda
374 2529 470 2594 nobis
492 2529 594 2594 verba
611 2527 711 2616 suut),
733 2550 846 2595 verum
864 2551 912 2615 ea,
935 2551 1103 2615 quaecum-

88 2639 152 2702 que
178 2621 237 2701 est,
260 2638 317 2682 cur
340 2620 404 2682 aut,
418 2617 453 2682 iu
476 2618 579 2682 solem
602 2617 696 2681 illum
715 2621 772 2682 aut
790 2618 826 2682 in
842 2618 927 2682 hunc
947 2617 1102 2682 mundum

88 2710 147 2772 aut
175 2705 211 2770 in
236 2704 380 2790 aliquam
403 2709 545 2770 mentem
568 2709 734 2770 aeternam
756 2705 862 2792 figura
885 2705 1103 2790 membrisque

87 2793 250 2946 οᾳζροξὶἦ
261 2814 396 2858 vacuam
420 2793 534 2946 reddere
551 2815 618 2945 ripn
634 2795 767 2946 poteqt?
798 2792 892 2945 Nidss
916 2792 1102 2945 aliidtdiCiS
1121 2808 1154 2857 96

49 2899 167 2946 εοιιιειε
250 2903 306 2945 um
329 2903 405 2946 uam
435 2903 503 2946 vri
539 2903 576 2947 so
591 2903 642 2946 em
675 2903 715 2947 au
762 2904 839 2946 mun
863 2903 918 2945 um
973 2882 1102 2947 esum?

89 2969 198 3046 Quid?
217 2903 373 3034 mundirm
383 2974 516 3054 praeter
529 2969 614 3035 hunc
628 2991 823 3055 umquamne
840 2968 973 3035 vidisti?
996 2968 1103 3057 Nega·

88 3059 150 3123 bis.
197 3055 265 3122 Cur
290 3057 393 3143 igitur
418 3080 486 3123 non
512 3061 659 3123 sescenta
685 3057 778 3122 milia
804 3077 874 3122 esse
899 3057 1102 3142 mundorum,

89 3146 147 3211 sed
183 3145 436 3211 innumerabilia
472 3167 569 3210 ausus
606 3167 640 3210 es
673 3145 799 3211 dicere?
853 3144 951 3211 Ratio
985 3146 1102 3212 docuit.

90 3233 183 3320 Ergo
211 3233 275 3299 hoc
302 3237 335 3298 te
357 3234 443 3299 ratio
465 3255 533 3299 non
555 3233 695 3317 docebit,
724 3255 797 3299 cum
819 3234 1103 3318 praestantissima

52 3337 76 3378 ³⁵
89 3327 211 3387 natura
239 3325 427 3406 quaeratur,
454 3343 555 3407 eaque
578 3321 676 3386 beata
699 3325 732 3387 ct
755 3325 899 3406 aeterna,
927 3344 1009 3407 quae
1033 3323 1103 3388 sola

91 3411 202 3476 divina
233 3413 354 3474 natura
381 3414 445 3494 est,
476 3412 514 3474 ut
540 3409 778 3475 inmortalitate
804 3410 972 3476 vincamur
1000 3411 1041 3475 ab
1065 3432 1103 3474 ea

89 3501 225 3582 natura,
256 3497 302 3562 sic
329 3497 430 3562 animi
456 3497 659 3584 praestantia
685 3498 783 3584 vinci,
814 3503 911 3584 atque
933 3503 971 3563 ut
994 3498 1102 3581 animi,

853 3604 889 3658 31
