2590 3880
333 89 401 146 um.
420 89 442 145 1.
463 89 539 147 cnr.
559 97 673 148 ‘aa-24.
692 95 708 158 s
727 97 840 168 co-ea
1049 93 1094 157 25

80 233 203 299 multos
227 254 299 298 esse
320 233 440 319 factos,
468 235 588 320 quippe
610 256 683 300 cum
706 257 845 320 poenam
867 257 909 300 ne
931 235 1093 302 dubitatio

80 321 212 406 quidem
240 322 381 408 effugere
408 323 578 408 potuisset.
628 321 713 398 Quid
740 323 779 388 de
806 322 989 410 sacrilegis,
1016 325 1094 410 quid

80 410 119 474 de
141 409 253 495 impiis
276 410 478 496 periurisque
501 411 665 476 dicemus?

374 533 549 598 Tubulus
573 535 606 598 si
628 534 768 600 Lucius
791 555 982 621 umquam,

54 638 66 680 s
194 618 234 686 Si
256 619 384 707 Lupus
408 626 474 687 aut
497 621 635 708 Carbo,
657 621 833 707 Neptuni
854 622 986 708 filius,

79 766 119 828 ut
142 762 191 828 ait
213 760 371 847 Lucilius,
393 767 543 849 putasset
566 785 637 828 esse
660 764 751 849 deos,
772 768 843 831 tarn
865 763 1014 850 periurus
1037 769 1095 831 aut

79 856 151 916 tam
179 851 315 936 inpurus
342 850 481 917 fuisset?
525 850 603 917 Non
629 856 679 917 est
705 853 809 940 igitur
829 857 901 918 tam
924 854 1094 938 explorata
1113 871 1147 920 64

78 941 147 1005 ista
174 939 259 1004 ratio
288 940 329 1004 ad
357 940 404 1024 id,
436 939 523 1025 quod
548 940 663 1025 vultis,
695 940 963 1026 confirmandum,
996 964 1094 1026 quam

78 1028 219 1094 videtur.
255 1025 318 1093 Sed
337 1027 414 1113 quia
431 1050 601 1094 commune
618 1028 681 1094 hoc
699 1033 749 1094 est
768 1033 997 1117 argumentum
1017 1031 1095 1097 alio-

43 1136 155 1182 nrum
178 1116 279 1181 etiam
300 1116 585 1201 philosophorum,
608 1117 760 1182 omittam
782 1117 845 1184 hoc
867 1122 1030 1203 tempore3
1053 1119 1094 1184 ad

79 1208 193 1272 vestra
215 1205 349 1291 propria
371 1205 480 1269 venire
502 1205 598 1271 malo.

149 1291 296 1359 Concedo
321 1313 391 1358 esse
415 1291 505 1376 deos3
528 1293 605 1359 doce
628 1315 680 1359 me
703 1293 814 1379 igitur,
836 1294 921 1360 unde
940 1293 1015 1380 sint,
1037 1295 1148 1362 ubios

79 1382 157 1466 sint,
181 1382 293 1467 quales
313 1381 380 1446 sint
397 1403 540 1466 corpore,
563 1381 681 1466 animo,
703 1383 786 1466 vita3
808 1383 889 1448 haec
907 1382 994 1448 enim
1012 1384 1095 1449 scire

81 1470 239 1536 desidero.
293 1469 448 1534 Abuteris
485 1469 526 1534 ad
562 1471 672 1535 omnia
707 1475 892 1536 atomorum
927 1492 1029 1557 regno
1062 1475 1095 1536 ct

43 1558 229 1642 rolicentia3
251 1557 336 1643 hinc,
359 1556 582 1643 quodcumque
604 1559 640 1622 in
662 1559 769 1624 solum
791 1560 889 1643 venit,
911 1562 949 1623 ut
967 1560 1094 1644 dicitur,

83 1646 213 1733 effingis
232 1650 330 1731 atque
349 1646 459 1711 efficis.
492 1645 580 1721 Quae
598 1647 741 1731 primum
759 1648 869 1713 nullae
884 1650 969 1713 sunt.
1000 1646 1095 1713 Nihil

83 1738 133 1800 est
166 1735 252 1800 enim
282 1734 307 1818 †
338 1735 425 1818 quod
452 1738 546 1800 vacet
578 1751 726 1820 corporc;
762 1735 951 1820 corporibus
985 1740 1094 1800 autem

84 1823 189 1889 omnis
219 1822 386 1888 obsidetur
415 1822 520 1907 locus3
549 1823 597 1888 ita
623 1824 750 1888 nullum
776 1825 886 1907 inane,
915 1822 999 1888 nihil
1023 1845 1093 1889 esse

83 1911 284 1978 individuum
310 1913 430 1997 potest.
474 1911 564 1977 Haec
591 1932 652 1997 ego
679 1934 764 1978 nunc
791 1911 1000 1997 physicorum
1024 1886 1148 2013 ora-25⁴&

44 2019 70 2058 20
84 2001 156 2066 cula
178 1999 293 2084 fundo,
319 2022 397 2065 vera
420 2021 462 2065 au
483 1999 582 2084 falsa,
603 2000 727 2085 nescio,
749 2001 806 2064 sed
827 2000 898 2065 veri
919 2003 1031 2066 tamen
1054 2001 1094 2066 si·

84 2089 214 2153 miliora
245 2109 345 2172 quam
376 2092 495 2154 vestra.
544 2086 614 2153 Ista
646 2089 732 2152 enim
759 2088 888 2174 flagitia
914 2087 1095 2155 Democriti

84 2177 152 2242 sive
184 2176 285 2242 etiam
316 2180 392 2242 ante
419 2176 586 2261 Leucippi,
619 2198 689 2241 esse
716 2177 909 2262 corpuscula
936 2179 1093 2262 quaedam

84 2265 183 2349 levia,
210 2265 277 2330 aha
299 2285 426 2350 aspera,
449 2265 590 2330 rotunda
613 2265 693 2348 alia,
716 2265 838 2349 partim
862 2268 971 2330 autem
995 2287 1095 2351 engu-

83 2354 162 2437 lata,
180 2352 315 2418 hamata
334 2352 491 2437 quaedam
511 2355 544 2417 ct
563 2353 658 2436 quasi
671 2353 805 2438 adunca,
824 2375 862 2418 ex
877 2353 929 2418 his
944 2354 1094 2418 effectum

46 2457 70 2498 2⁵
84 2463 154 2508 esse
178 2441 304 2508 caelum
332 2445 430 2524 atquc
457 2444 579 2506 terram
605 2440 698 2506 nulle
721 2445 857 2528 cogente
879 2445 1009 2523 natura,
1039 2441 1095 2505 sed

84 2551 243 2596 concursu
256 2529 397 2614 quodam
410 2527 556 2614 fortuito,
572 2529 657 2594 hanc
670 2533 707 2594 tu
722 2530 915 2615 opinionem,
930 2527 965 2594 O.
978 2527 1094 2612 Vellei,

82 2639 186 2703 usque
214 2617 255 2683 ed
284 2618 368 2683 hano
395 2621 537 2703 estatem
563 2617 756 2702 perduxisti,
788 2618 941 2703 priusque
964 2620 998 2681 te
1021 2616 1093 2701 quis

83 2707 121 2772 de
150 2706 241 2772 omni
263 2706 350 2771 vitae
374 2708 464 2770 statu
486 2727 584 2790 quam
608 2705 646 2769 de
668 2706 734 2771 ista
757 2707 951 2770 auctoritate
975 2704 1093 2769 deiece-

83 2795 139 2879 rit3
167 2797 244 2860 ante
273 2794 358 2860 enim
384 2793 536 2859 iudicasti
557 2793 753 2878 Epicureum
781 2798 814 2858 te
842 2814 911 2858 csse
935 2795 1094 2877 oportere,

45 2900 70 2940 ³0
84 2905 184 2968 quam
209 2882 276 2948 ista
303 2882 493 2968 cognovisti.
538 2881 591 2946 Ita
617 2903 748 2948 neeesse
770 2881 834 2947 fuit
857 2883 914 2946 aut
936 2881 1016 2946 haec
1039 2881 1094 2946 fla-

83 2972 167 3056 gitia
195 2971 362 3057 concipere
386 2971 495 3036 animo
517 2974 575 3034 aut
597 2973 767 3056 susceptae
789 2968 1016 3055 philosophiae
1038 2991 1095 3035 no-

82 3082 159 3124 meu
182 3059 342 3124 amittere.
388 3058 472 3135 Quid
495 3057 580 3123 enim
603 3080 741 3143 mereas,
763 3061 801 3122 ut
822 3056 1000 3140 Epicureus
1024 3070 1146 3122 esseut

83 3148 236 3214 desinas?
281 3145 374 3212 Nihil
406 3147 568 3230 equidem,
599 3146 721 3231 inquis,
752 3150 790 3210 ut
820 3146 981 3210 rationem
1006 3145 1095 3211 vitae

19 3197 23 3274 l
82 3236 200 3302 beatae
223 3236 460 3320 veritatemque
483 3234 638 3302 deseram.
674 3233 745 3322 Ista
762 3233 865 3320 igitur
883 3237 933 3299 est
950 3233 1095 3323 veritas?

45 3339 70 3380 ³⁵
83 3323 171 3390 Nam
195 3323 235 3389 de
257 3324 327 3388 vita
349 3323 447 3388 beata
467 3322 552 3387 nihil
574 3344 729 3409 repugno,
753 3344 851 3406 quam
868 3327 906 3388 tu
922 3344 963 3388 nc
981 3323 1017 3387 in
1035 3323 1094 3387 deo

82 3412 215 3497 quidem
239 3432 310 3476 esse
333 3432 452 3496 censes,
475 3411 539 3475 nisi
555 3411 652 3496 plane
672 3411 739 3476 otio
758 3411 922 3496 langueat.
958 3408 1020 3476 Sed
1038 3409 1096 3474 ubi
