2630 3890
376 142 444 200 LIB.
463 143 497 198 Π.
517 143 594 198 CAP.
613 149 709 200 8-11,
733 149 748 210 5
766 148 880 199 21-27.
1064 143 1131 208 205

120 289 208 370 sunt,
232 291 321 351 certa
344 309 415 352 esse
437 309 504 352 non
524 290 671 372 possunt.
712 284 770 352 Sin
793 291 902 353 autem
925 290 1049 352 certum
1072 288 1131 370 est,

120 375 201 459 quid
225 397 352 459 quaque
374 375 413 440 de
435 397 471 440 rc
494 397 621 460 quoque
644 378 790 460 tempore
811 375 960 440 futurum
978 376 1031 460 sit,
1054 375 1131 459 quid

121 467 183 548 est,
202 464 288 547 quod
306 485 357 529 me
376 463 529 529 adiuvent
546 463 757 548 haruspices?
778 466 833 546 qui
851 463 1184 581 comesturus-10
1228 520 1231 531 .

121 551 224 616 simas
246 553 397 636 portendi
419 552 582 636 dixonmt‚
610 553 731 617 addunt
755 553 795 617 ad
818 557 999 618 extromum
1022 551 1131 617 omnia
1149 593 1184 642 25

92 640 228 705 slevius
255 659 370 705 casura·
395 641 491 706 rebus
520 640 637 706 divinis
663 641 861 726 procuratis3
889 641 917 706 si
940 641 1026 705 enim
1047 639 1131 705 nihil

121 729 163 793 fit
192 731 284 793 extra
309 729 428 813 fatum,
459 729 543 794 nihil
569 728 673 794 levari
698 751 733 794 re
760 729 870 795 divina
896 732 1015 814 potest.
1059 727 1132 793 Hoc

122 816 225 881 sentit
247 816 424 901 Homerus,
451 840 525 883 oum
548 820 736 902 querentem
757 817 869 884 Iovem
891 817 1023 902 inducit,
1045 816 1132 901 quod

123 903 343 990 Sarpedonem
365 907 471 970 filium
493 929 513 971 a
535 910 641 972 morte
663 909 778 971 contra
799 906 904 971 fatum
926 906 1049 992 eripere
1066 927 1133 970 non

122 997 244 1078 posset.
282 993 355 1059 Hoc
376 994 463 1060 idem
485 995 648 1080 significat
671 993 813 1060 Graecus
836 995 893 1059 illo
915 994 950 1058 in
972 1016 1043 1058 eam
1063 1014 1133 1060 sen·

81 1081 263 1147 atentiam
285 1104 410 1147 versus:

169 1167 275 1245 Quod
296 1169 379 1236 foro
401 1175 581 1256 paratum
604 1174 678 1254 est,
706 1169 744 1236 id
767 1193 952 1236 summum
975 1193 1132 1257 exsupe-

821 1263 885 1324 rat
906 1259 1044 1325 Iovem.

123 1347 246 1418 Totum
268 1347 399 1413 omnino
421 1347 528 1413 fatum
547 1347 646 1412 etiam
664 1347 831 1414 Atellanio
850 1369 947 1414 versu
964 1349 1033 1412 iure
1051 1347 1134 1411 mihi

124 1458 196 1502 esse
225 1436 362 1502 inrisum
390 1436 533 1521 videtur3
561 1435 618 1501 sed
644 1436 679 1500 in
705 1437 803 1502 rebus
832 1439 902 1502 tam
925 1436 1045 1502 severis
1067 1457 1134 1500 non

125 1528 177 1592 est
198 1524 327 1590 iocandi
349 1525 449 1591 locus.
495 1523 714 1590 Concludatur
736 1525 839 1611 igitur
861 1525 959 1591 ratio:
990 1523 1025 1588 si
1048 1524 1133 1588 enim

84 1629 110 1670 1⁵
124 1613 290 1699 provideri
311 1613 395 1678 nihil
417 1616 528 1698 potest
549 1614 696 1678 futurum
719 1634 789 1678 esse
812 1635 932 1698 eorum,
956 1635 1038 1698 quae
1057 1635 1134 1678 casu
1187 1619 1189 1625 ’

124 1703 216 1786 fiunt,
240 1702 317 1787 quia
339 1723 409 1767 osse
428 1705 516 1767 certa
533 1723 600 1766 non
617 1705 763 1786 possunt,
786 1701 942 1767 divinatio
960 1702 1052 1766 nulla
1071 1704 1135 1784 est3

126 1791 179 1856 sin
205 1793 315 1856 autem
342 1789 460 1856 idcirco
483 1793 621 1875 possunt
643 1791 819 1877 provideri,
847 1791 923 1874 quia
946 1795 1035 1856 certa
1058 1793 1135 1854 sunt

126 1883 160 1944 et
185 1878 314 1962 fatalia,
329 1890 331 1894 '
346 1899 458 1943 rursus
486 1878 643 1944 divinatio
672 1879 765 1944 nuila
792 1882 856 1964 est3
887 1901 960 1944 eam
988 1879 1074 1944 enim
1097 1882 1134 1943 tu

124 1967 335 2032 fortuitarum
361 1988 471 2032 rerum
494 1988 563 2032 esse
587 1966 725 2032 dicebas.
771 1964 834 2032 Sed
855 1966 936 2033 haec
957 1966 1057 2032 fuerit
1078 1989 1134 2032 no·
1153 1981 1187 2029 aa

86 2071 113 2112 2⁰
126 2056 177 2120 bis
205 2059 372 2139 tamquam
400 2055 481 2120 levis
510 2059 693 2120 armaturae
716 2055 823 2141 prima
845 2056 1003 2122 orationis
1026 2077 1135 2120 excur-

127 2144 191 2229 si03
214 2165 300 2208 nuno
322 2144 501 2208 comminus
525 2165 661 2230 agamus
684 2145 958 2230 experiamurque,
982 2144 1011 2209 si
1032 2143 1134 2231 possi·

126 2254 198 2298 mus
222 2253 342 2298 cornua
364 2254 567 2298 commovere
590 2233 819 2317 disputationis
841 2237 926 2298 tuae.

192 2320 266 2386 Duo
299 2321 383 2384 enim
417 2341 537 2406 genera
567 2320 733 2386 divinandi
762 2343 833 2387 esse
860 2322 1002 2405 dicebas,
1034 2343 1134 2385 unum
1148 2322 1185 2384 ll

127 2409 351 2492 artificiosum,
382 2409 521 2474 alterum
549 2409 712 2494 naturale3
743 2410 955 2475 artificiosum
985 2411 1135 2474 constare

87 2515 113 2555 2⁵
126 2498 249 2584 partim
267 2519 306 2562 ex
324 2497 516 2581 coniectura,
534 2498 656 2582 partim
673 2520 713 2563 ex
729 2497 955 2564 observatione
970 2496 1135 2580 diuturna3

126 2585 291 2670 naturale,
314 2586 400 2670 quod
423 2585 549 2650 animus
573 2586 741 2672 arriperet,
752 2589 810 2652 aut
833 2586 994 2671 exciperet
1016 2584 1134 2648 extrin-

128 2695 219 2739 secus
245 2695 286 2739 ex
312 2674 496 2757 divinitate,
523 2674 607 2738 unde
635 2695 745 2740 omnes
769 2673 895 2739 animos
918 2675 1053 2738 haustos
1077 2676 1134 2738 aut

128 2766 277 2847 acceptos
301 2765 357 2827 aut
379 2762 500 2827 libatos
519 2763 721 2828 haberemus.
758 2762 946 2828 Artificiosa
965 2761 1135 2826 divinatio

126 2852 179 2916 nis
209 2851 269 2915 illa
299 2850 367 2914 fere
397 2871 516 2937 genera
542 2852 699 2936 ponebas:
732 2851 924 2936 extispicum
951 2871 1135 2934 eorumque,

89 2953 115 2994 ³0
129 2940 184 3024 qui
207 2961 246 3003 ex
267 2937 451 3024 fulgoribus
475 2939 675 3023 ostentisque
693 2938 924 3026 praedicerent,
946 2942 1017 3003 tum
1036 2959 1135 3024 augu-

127 3050 201 3092 rum
232 3048 420 3111 eorumque,
452 3027 508 3112 qui
539 3027 642 3114 signis
675 3030 731 3092 aut
763 3027 926 3092 ominibus
957 3031 1134 3112 uterentur,

129 3137 287 3199 omneque
309 3137 410 3202 genus
433 3115 648 3181 coniecturale
671 3115 706 3180 in
727 3116 790 3181 hoc
810 3115 878 3180 fere
902 3137 1019 3202 genere
1037 3138 1135 3202 pone-

127 3205 196 3270 bas.
232 3203 320 3268 Illud
343 3206 451 3268 autem
468 3204 618 3268 naturale
636 3207 693 3268 aut
712 3203 927 3270 concitatione
945 3204 1063 3270 mentis
1083 3205 1134 3270 edi
1152 3215 1186 3266 2⁷

129 3296 161 3358 et
185 3292 279 3377 quasi
299 3290 392 3356 fundi
414 3291 586 3357 videbatur
608 3296 665 3356 aut
688 3293 796 3357 animo
819 3315 878 3378 per
896 3316 1046 3359 somnum
1066 3316 1134 3358 sen·

91 3396 116 3438 ³⁵
129 3381 218 3446 sibus
242 3385 275 3446 et
298 3380 382 3446 curis
405 3402 507 3445 vacuo
529 3379 700 3467 provideri.
735 3380 867 3446 Duxisti
885 3385 993 3448 autem
1012 3382 1134 3448 diuina

128 3470 251 3536 tionem
270 3491 398 3535 omnem
417 3492 436 3534 a
454 3469 559 3534 tribus
577 3469 683 3552 rebus,
707 3492 727 3534 a
746 3469 814 3554 deo,
833 3493 853 3536 a
870 3471 949 3552 fato,
970 3493 990 3536 a
1007 3475 1133 3536 natura.
