2596 3882
163 131 229 195 316
386 213 387 218 ¹
518 129 568 183 Dr
587 129 635 183 RE
653 127 811 183 PUBLICA

164 295 313 360 gnaeque
331 273 509 338 extiterunt
522 294 573 338 res
588 273 734 358 bellicae,
751 273 892 357 fecitque
905 272 991 336 idem
1005 275 1039 336 et
1052 271 1182 357 saepsit

163 363 202 426 de
221 363 383 426 manubiis
403 362 571 426 comitium
590 365 624 426 et
641 361 764 426 curiam
782 361 1016 445 constituitque
1030 360 1090 444 ius,
1110 382 1178 444 quo

163 449 252 515 bella
283 451 513 533 indicerentur,
546 449 632 533 quod
658 471 717 534 per
744 471 779 514 se
805 449 984 514 iustissime
1005 447 1178 514 inventum

163 566 191 619 p.
207 542 273 620 218]
298 539 406 604 sanxit
426 539 431 622 l
450 537 556 601 fetiali
574 537 741 624 religione,
764 541 801 602 ut
820 559 915 602 omne
932 537 1066 620 bellum,
1089 536 1179 620 quod

164 627 390 692 denuntiatum
413 626 634 709 indictumque
656 648 723 690 non
745 629 845 709 esset,
871 625 905 689 id
927 625 1085 689 iniustum
1104 645 1206 688 esses

164 719 262 799 atque
289 716 414 799 inpium
441 714 646 779 iudicaretur.
690 713 736 778 Et
758 718 795 778 ut
819 713 997 778 advertatis
1021 713 1178 797 animum,

165 825 262 886 quam
298 803 461 888 sapienter
490 802 556 866 iam
587 824 680 889 reges
715 803 777 868 hoc
803 801 909 866 nostri
935 800 1089 884 viderint,
1118 800 1178 864 tri·

163 892 292 956 buenda
321 890 479 974 quaedam
510 911 580 955 esse
607 891 729 975 populo
759 890 878 975 (multa
905 889 991 954 enim
1017 888 1113 953 nobis
1136 888 1178 953 de

164 1001 202 1044 eo
227 1001 344 1064 genere
368 978 503 1043 dicende
526 978 630 1064 sunt),
652 1000 692 1042 ne
715 978 899 1064 insignibus
923 977 1052 1061 quidem
1074 975 1178 1062 regiis

164 1066 278 1131 Tullus
305 1067 370 1130 nisi
396 1067 488 1130 iussu
510 1067 624 1150 populi
647 1070 696 1131 est
720 1089 816 1131 ausus
839 1066 897 1130 uti.
942 1064 1029 1130 Nam
1051 1069 1089 1128 ut
1112 1063 1218 1128 sibim

165 1155 332 1220 duodecim
355 1155 486 1220 lictores
510 1177 584 1218 cum
606 1155 748 1219 fascibus
773 1155 896 1220 anteire
919 1154 1047 1219 liceret.
1062 1203 1070 1218 .
1084 1201 1116 1218 ..

413 1312 653 1394 [Dcsideruutur
668 1315 806 1396 puytuoc
828 1315 930 1394 duca]

112 1489 146 1537 ea
232 1471 283 1538 De
302 1471 392 1536 Tullo
409 1473 520 1554 quippe
537 1473 631 1536 etium
645 1469 792 1549 Hostilio,
814 1471 869 1552 qui
887 1471 993 1536 tertius
1010 1470 1179 1537 uRomulo

164 1581 220 1626 reu
235 1562 307 1641 suit,
329 1561 384 1641 qui
401 1565 430 1624 u
442 1562 506 1641 urse
516 1559 650 1639 fulmine
662 1559 840 1640 absumptus
858 1563 909 1641 est,
932 1561 1007 1623 dicit
1018 1561 1053 1624 u'u
1066 1561 1180 1624 eisdem
1270 1629 1271 1634 χ

166 1651 254 1714 libris
271 1650 352 1713 idem
366 1647 469 1713 Cicero
481 1653 644 1730 propterea
662 1651 691 1711 ct
707 1648 801 1711 u‘stuuu
818 1667 881 1712 uou
898 1648 1046 1711 creditum
1059 1648 1095 1711 iu
1108 1649 1180 1712 deos

165 1742 315 1818 receptum
340 1737 397 1800 tuli
419 1741 523 1814 morte,
546 1737 621 1817 quta
641 1734 779 1814 fortusse,
801 1737 883 1816 quod
903 1741 971 1799 erut
991 1737 1027 1800 u'u
1043 1734 1179 1800 Romulo
1193 1755 1219 1797 rs

159 1827 340 1908 probatum,
362 1825 398 1889 id
418 1829 463 1889 est
479 1844 676 1906 pusrrosuur,
698 1822 838 1888 Rouuui
859 1824 983 1904 culpare
1004 1824 1179 1902 uoluerunt,

165 1915 201 1978 id
231 1918 276 1978 est
304 1913 363 1977 uile
392 1911 506 1991 fucere,
541 1913 571 1976 st
601 1911 656 1975 loc
686 1916 716 1974 et
745 1912 836 1976 alteri
864 1911 957 1991 focile
988 1911 1178 1976 tribueretur.

165 2001 377 2084 (Aupustiuus
399 2002 435 2064 de
457 2002 511 2065 eiu.
534 1999 583 2064 dei
603 1998 671 2062 ΙΙΙ
688 1999 752 2082 15.)

112 2107 193 2232 ἑὲρ.
205 2126 270 2206 171]
345 2142 521 2204 ...usque
540 2122 626 2187 enim
645 2122 756 2208 serpit,
775 2123 830 2186 sed
849 2122 942 2188 volat
961 2123 996 2187 in
1016 2123 1178 2208 optimum

166 2216 290 2278 statum
308 2211 461 2276 instituto
480 2213 537 2274 tuo
558 2223 705 2274 sermone
725 2210 931 2295 respublica.
958 2211 991 2277 S.
1003 2207 1085 2277 Post
1103 2233 1178 2276 eum
1193 2231 1220 2272 ao

165 2300 294 2366 Numae
314 2298 471 2383 Pompilii
492 2320 593 2382 nepos
617 2320 656 2362 ex
678 2298 746 2363 fllia
768 2320 826 2362 rex
848 2321 868 2362 a
890 2299 1013 2384 populo
1036 2298 1179 2370 estAn·

166 2411 221 2456 cus
235 2388 376 2453 Marcius
395 2387 602 2471 constitutus,
620 2387 763 2470 itemque
782 2386 821 2450 de
838 2386 976 2472 imperio
997 2409 1055 2452 suo
1069 2387 1179 2474 legem

166 2478 325 2543 curiatam
347 2475 434 2539 tulit.
471 2472 534 2549 Qui
556 2497 629 2540 eum
651 2474 787 2539 Latinos
810 2475 897 2540 bello
921 2475 1101 2560 devicisset,
1125 2475 1180 2540 ad·

167 2565 263 2631 scivit
285 2585 341 2629 eos
363 2563 399 2626 in
416 2563 592 2645 civitatem,
615 2565 713 2648 atque
730 2563 816 2628 idem
830 2562 1030 2629 Aventinum
1048 2566 1082 2628 et
1100 2562 1180 2629 an-

166 2654 247 2719 lium
276 2655 421 2716 montem
449 2651 597 2715 adiunxit
624 2650 710 2735 urbi,
739 2672 883 2736 quosque
911 2673 1009 2736 agros
1038 2655 1180 2737 ceperat,
1194 2669 1220 2710 2⁵

166 2769 194 2822 p.
204 2744 270 2822 172]
281 2739 392 2805 divisit
407 2743 440 2804 et
454 2739 554 2804 silvas
569 2739 750 2803 maritimas
765 2739 871 2804 omnis
880 2739 1068 2825 publicavit,
1080 2739 1083 2826 l
1097 2761 1180 2824 quas

166 2833 305 2914 ceperat,
329 2831 362 2892 et
385 2827 426 2892 ad
450 2828 570 2892 ostium
593 2827 719 2891 Tiberis
742 2829 856 2893 urbem
880 2828 1023 2892 condidit
1042 2828 1181 2894 colonis·

168 2939 229 3001 que
257 2916 410 2981 firmavit.
455 2915 564 2999 Atque
591 2914 639 2980 ita
666 2937 739 2980 cum
765 2917 832 2980 tres
860 2919 893 2980 et
920 2916 1039 3002 viginti
1064 2937 1181 3003 regna·
1270 2961 1271 2996 ,

166 3005 269 3069 visset
292 3025 408 3088 annos,
431 3007 482 3068 est
505 3007 661 3068 mortuus.
706 3002 789 3068 Tum
812 3003 956 3069 Laelius:
984 3004 1181 3070 Laudandus
1270 2997 1271 3072 l

167 3093 267 3156 etiam
289 3092 353 3156 iste
376 3113 447 3175 rex,
474 3092 530 3156 sed
553 3092 691 3156 obscura
714 3094 765 3154 est
786 3090 926 3157 historia
947 3091 1109 3177 Romana,
1138 3093 1181 3158 si·
1195 3111 1221 3153 eo

168 3179 296 3264 quidem
320 3179 416 3243 istius
438 3179 526 3264 regis
550 3183 689 3244 matrem
712 3179 884 3263 habemus,
911 3181 1100 3266 ignoramus
1124 3205 1182 3267 pa·

167 3271 261 3331 trem.
306 3266 339 3332 S.
361 3266 415 3331 Ita
438 3271 502 3349 est,
524 3267 645 3350 inquit,
668 3267 724 3330 sed
746 3271 931 3352 temporum
953 3269 1086 3333 illorum
1108 3272 1183 3335 tan·

167 3357 239 3419 tum
261 3353 328 3418 fere
351 3376 467 3439 regum
489 3355 666 3419 inlustrata
689 3359 766 3418 sunt
788 3356 930 3420 nomina.

113 3413 157 3536 {f
234 3437 298 3506 Sed
328 3440 390 3504 hoc
423 3441 494 3506 loeo
522 3443 664 3527 primum
690 3442 819 3507 videtur
845 3443 979 3508 insitiva
1007 3444 1147 3528 quadam
1173 3443 1180 3532 Ι
