2610 3894
159 159 226 224 136
466 158 516 214 DE
536 157 692 214 NATURA
709 158 865 214 DEORUM

154 304 248 372 nium
266 303 510 370 crudelissimus
528 306 599 368 tam
617 303 673 368 diu
691 301 796 368 Cinna
814 304 986 390 regnavit?
1018 302 1065 368 At
1083 303 1175 370 dedit

101 395 146 462 33
155 414 288 479 poenas.
341 391 514 458 Prohiberi
546 391 663 456 melius
693 391 758 456 fuit
788 392 1018 477 impedirique,
1048 414 1089 472 ne
1121 396 1173 458 tot
1300 395 1301 458 i

156 502 304 548 summos
323 480 412 546 viros
430 479 638 563 interficeret,
661 501 760 564 quam
777 479 886 565 ipsum
905 480 1081 564 aliquando
1098 502 1173 565 poe·
1300 487 1301 498 ³

155 590 217 636 nas
247 569 333 635 dare.
384 566 518 634 Summo
548 568 694 635 cruciatu
723 568 948 654 supplicioque
978 567 1014 645 Q.
1043 567 1173 652 Varius,
1300 569 1301 576 ’

155 659 256 724 homo
279 657 599 744 importunissime,
621 656 735 741 periit3
758 657 798 740 si,
818 657 895 741 quia
912 656 1057 722 Drusum
1074 657 1172 740 ferro,
1200 673 1213 714 ὁ
1300 651 1301 696 7

156 746 327 812 Metellum
359 767 483 811 veneno
515 745 708 828 sustulerat,
739 743 818 810 illos-
842 746 1028 811 conservari
1055 746 1172 810 melius

155 835 221 900 fuit
248 856 347 919 quam
374 855 497 920 poenas
525 833 656 899 sceleris
683 831 821 898 Varium
848 833 996 919 pendere.
1045 832 1173 898 Duode·

158 923 377 1010 qnadraginta
401 943 504 988 annos
526 921 703 1006 Dionysius
726 925 885 1006 tyrannus
908 921 972 986 fuit
994 921 1173 1006 opulentis·

102 1026 138 1076 82
157 1033 269 1077 suinae
302 1014 335 1076 et
366 1011 587 1076 beatissumae
622 1010 779 1094 civitatis3
811 1033 909 1095 quam
941 1010 1064 1076 multos
1096 1013 1173 1075 ante

155 1101 243 1166 hunc
274 1099 309 1164 in
338 1099 411 1184 ipso
441 1097 595 1164 Graeciae
621 1098 702 1164 flore
728 1097 937 1164 Pisistratus!
982 1098 1029 1164 At
1055 1097 1174 1164 Phala·
1188 1117 1215 1156 ιο
1300 1149 1301 1180 ,

156 1186 1175 1361 {lotitel?{idiotita⁵iss¹²llti0d¹²lbltls

156 1387 285 1452 poenas.
312 1365 405 1449 dant,
436 1386 496 1430 nec
528 1368 639 1430 tamen
668 1385 845 1450 possumus
878 1365 985 1429 dicere
1009 1385 1076 1429 non
1103 1364 1174 1449 plu·

156 1455 203 1518 ris
235 1453 383 1539 captivos
413 1452 527 1518 acerbe
558 1475 656 1537 quam
686 1453 866 1538 praedones
898 1456 1041 1518 necatos.
1086 1451 1174 1516 Ana·

156 1543 314 1607 xarohum
336 1541 580 1607 Democriteum
608 1563 628 1606 a
651 1538 771 1626 Cyprio
800 1545 940 1624 tyranno
969 1540 1173 1607 excarnifica·
1189 1557 1216 1598 1⁵

156 1635 229 1696 tum
252 1629 443 1715 accepimus,
466 1629 629 1694 Zenonem
642 1628 742 1694 Eleae
764 1630 799 1694 in
821 1629 995 1694 tormentis
1014 1632 1174 1695 necatum.
1300 1639 1301 1682 l

158 1718 246 1795 Quid
266 1719 371 1783 dicam
395 1718 434 1784 de
457 1716 599 1801 Socrate,
623 1717 712 1782 ouius
735 1718 837 1782 morti
857 1717 1059 1783 inlacrimari
1083 1717 1174 1784 soleo

157 1807 332 1911 Dlatonem
372 1806 509 1892 legens?
558 1804 701 1906 Videsne
736 1806 839 1906 igitur
875 1805 1009 1870 deorum
1045 1805 1175 1890 iudicio,

103 1895 336 2074 sedulii*
357 1895 656 2067 ,tei-imis
671 1894 951 2048 liitieluiiii
979 1893 1174 2068 illidii
1188 2000 1216 2040 ,ο
1300 2023 1301 2074 3

158 2072 215 2157 qui
246 2071 450 2156 temporibus
481 2071 549 2135 illis
576 2069 697 2156 praedo
724 2071 804 2135 felix
830 2070 1028 2155 habebatur,
1060 2075 1176 2137 eontra
1300 2075 1301 2098 ³

158 2162 242 2226 deos.
267 2159 494 2226 testimonium
526 2159 648 2245 dicere,
682 2158 768 2243 quod
794 2159 828 2224 in
855 2159 916 2224 illa
941 2159 1076 2226 fortuna
1103 2163 1174 2224 tam

157 2249 213 2314 diu
235 2248 369 2314 viveret.
404 2247 592 2332 Dionysius,
614 2247 653 2312 de
677 2269 740 2331 quo
765 2251 841 2312 ante
865 2247 940 2331 dixi,
964 2270 1038 2316 cum
1059 2247 1174 2312 fanum

157 2337 374 2422 Proserpinae
396 2335 509 2401 Locris
532 2335 756 2420 expilavisset,
778 2337 959 2422 navigabat
982 2334 1175 2421 Syracusas,

157 2427 250 2579 ispup
273 2447 347 2578 pum
369 2424 612 2576 spoundispurpo
635 2427 733 2525 vento
757 2447 890 2578 oursunp)
905 2424 1173 2578 teneretdridens
1188 2440 1215 2482 2⁵

199 2539 222 2579 .1
253 2535 379 2579 eisne
427 2536 462 2577 m
485 2536 519 2577 u1
584 2535 701 2577 amrou
760 2535 846 2577 uam
897 2535 969 2578 ona
993 2535 1015 2578 a
1060 2535 1094 2578 rs
1117 2535 1175 2578 1n·

157 2535 621 2686 mortalibus'nallrigatio
645 2534 854 2686 sac'rllogis
878 2599 1030 2667 detur?'
1071 2600 1175 2685 quue

156 2692 256 2756 homo
276 2694 390 2757 acutus
410 2713 483 2756 cum
501 2690 583 2754 bene
601 2690 762 2774 planeque
780 2689 989 2774 percepisset,
1006 2689 1042 2754 in
1060 2690 1174 2754 eadem

157 2780 321 2845 sententia
351 2778 591 2864 perseverabat.
641 2775 703 2852 Qui
735 2799 809 2844 oum
841 2778 882 2842 ad
911 2777 1173 2863 Peloponnesum
1300 2781 1301 2784 ’

158 2867 298 2933 classem
321 2867 503 2953 appulisset
520 2870 554 2931 et
571 2866 606 2929 in
623 2865 737 2930 fanum
755 2866 899 2930 venisset
915 2865 1004 2932 Ibvis
1019 2866 1172 2952 Olympii,
1187 2883 1214 2924 ao
1300 2941 1301 2948 ἵ

158 2978 294 3021 aureum
325 2956 356 3021 ei
388 2954 531 3020 detraxit
561 2954 737 3019 amiculum
770 2955 886 3040 grandi
916 2955 1071 3040 pondere,
1107 2976 1172 3039 quo
1300 2959 1301 3042 l

156 3043 269 3109 Iovem
293 3047 427 3108 ornarat
450 3065 468 3109 e
486 3042 649 3108 manubiis
668 3041 996 3128 Karthaginiensium
1014 3047 1174 3127 tyrannus
1300 3051 1301 3106 l

157 3131 254 3216 Gelo,
285 3135 382 3215 atque
408 3132 445 3197 in
467 3153 505 3196 eo
529 3131 630 3197 etiam
652 3131 825 3196 cavillatus
850 3135 901 3197 est
923 3135 1048 3196 aestate
1072 3153 1174 3218 grave

157 3233 229 3284 esse
253 3241 387 3284 aureum
410 3219 595 3301 amiculum,
616 3218 724 3284 hieme
741 3218 907 3305 frigidum,
931 3220 1023 3304 eique
1042 3220 1174 3286 laneum
1300 3241 1301 3298 ᾗ

156 3307 295 3393 pallium
326 3307 452 3394 iniecit,
484 3330 558 3374 oum
589 3308 623 3372 id
655 3329 734 3373 esso
757 3312 872 3392 aptum
904 3309 945 3372 ad
972 3330 1068 3373 omne
1095 3309 1174 3374 anni
1187 3323 1213 3366 ³⁵
1300 3305 1301 3320 ³

156 3400 296 3480 tempus
311 3395 441 3461 diceret.
477 3395 631 3481 Idemque
652 3395 841 3481 Aesculapii
858 3394 1017 3480 Epidauri
1035 3396 1174 3462 barbam

155 3505 290 3551 auream
318 3484 404 3549 demi
430 3484 541 3569 iussit,
567 3506 672 3569 neque
695 3484 781 3550 enim
804 3484 975 3549 conuenire
997 3484 1174 3550 barbatum
