<?xml version="1.0" encoding="UTF-8"?>
<!DOCTYPE html PUBLIC "-//W3C//DTD XHTML 1.0 Transitional//EN"
    "http://www.w3.org/TR/xhtml1/DTD/xhtml1-transitional.dtd">
<html xmlns="http://www.w3.org/1999/xhtml" xml:lang="en" lang="en">
 <head>
  <title>
</title>
<meta http-equiv="Content-Type" content="text/html;charset=utf-8" />
  <meta name='ocr-system' content='tesseract 3.04.00' />
  <meta name='ocr-capabilities' content='ocr_page ocr_carea ocr_par ocr_line ocrx_word'/>
</head>
<body>
  <div class='ocr_page' id='page_1' title='image "./scriptaquaemans02mullgoog_0378.png"; bbox 0 0 2528 3880; ppageno 0'>
   <div class='ocr_carea' id='block_1_1' title="bbox 306 163 1070 230">
    <p class='ocr_par' dir='ltr' id='par_1_1' title="bbox 306 163 1070 230">
     <span class='ocr_line' id='line_1_1' title="bbox 306 163 1070 230; baseline 0.013 -14"><span class='ocrx_word' id='word_1_1' title='bbox 306 163 374 219; x_wconf 73' lang='grc' dir='ltr'>ΗΒ.</span> <span class='ocrx_word' id='word_1_2' title='bbox 393 165 427 220; x_wconf 85' lang='lat'>11.</span> <span class='ocrx_word' id='word_1_3' title='bbox 448 164 524 220; x_wconf 84' lang='lat' dir='ltr'>cAP.</span> <span class='ocrx_word' id='word_1_4' title='bbox 543 171 657 221; x_wconf 79' lang='lat' dir='ltr'>ee-ae.</span> <span class='ocrx_word' id='word_1_5' title='bbox 676 170 824 230; x_wconf 72' lang='lat'><strong>§41-47.</strong></span> <span class='ocrx_word' id='word_1_6' title='bbox 1007 163 1070 228; x_wconf 81' lang='lat'>321</span> 
     </span>
    </p>
   </div>
   <div class='ocr_carea' id='block_1_2' title="bbox 24 307 1129 3561">
    <p class='ocr_par' dir='ltr' id='par_1_2' title="bbox 24 307 1129 3561">
     <span class='ocr_line' id='line_1_2' title="bbox 59 307 1074 374; baseline 0 -2"><span class='ocrx_word' id='word_1_7' title='bbox 59 307 219 372; x_wconf 86' lang='lat' dir='ltr'>comitata</span> <span class='ocrx_word' id='word_1_8' title='bbox 247 311 306 372; x_wconf 91' lang='lat' dir='ltr'>est.</span> <span class='ocrx_word' id='word_1_9' title='bbox 346 307 434 373; x_wconf 90' lang='lat' dir='ltr'>Nam</span> <span class='ocrx_word' id='word_1_10' title='bbox 462 312 495 374; x_wconf 88' lang='lat' dir='ltr'>et</span> <span class='ocrx_word' id='word_1_11' title='bbox 518 329 612 374; x_wconf 91' lang='lat' dir='ltr'>omne</span> <span class='ocrx_word' id='word_1_12' title='bbox 634 307 764 374; x_wconf 86' lang='lat' dir='ltr'>Latium</span> <span class='ocrx_word' id='word_1_13' title='bbox 788 308 875 373; x_wconf 91' lang='lat' dir='ltr'>bello</span> <span class='ocrx_word' id='word_1_14' title='bbox 899 307 1017 373; x_wconf 89' lang='lat' dir='ltr'>devicit</span> <span class='ocrx_word' id='word_1_15' title='bbox 1040 310 1074 372; x_wconf 89' lang='lat' dir='ltr'>et</span> 
     </span>
     <span class='ocr_line' id='line_1_3' title="bbox 60 393 1073 480; baseline 0 -22"><span class='ocrx_word' id='word_1_16' title='bbox 60 393 214 460; x_wconf 85' lang='lat' dir='ltr'>Suessam</span> <span class='ocrx_word' id='word_1_17' title='bbox 245 395 443 480; x_wconf 81' lang='lat' dir='ltr'><strong>Pometiam,</strong></span> <span class='ocrx_word' id='word_1_18' title='bbox 479 397 594 462; x_wconf 81' lang='lat' dir='ltr'>urbem</span> <span class='ocrx_word' id='word_1_19' title='bbox 626 398 815 480; x_wconf 74' lang='lat' dir='ltr'>opulentam</span> <span class='ocrx_word' id='word_1_20' title='bbox 846 395 1073 479; x_wconf 86' lang='lat' dir='ltr'>refertamque,</span> 
     </span>
     <span class='ocr_line' id='line_1_4' title="bbox 59 483 1073 570; baseline 0.001 -24"><span class='ocrx_word' id='word_1_21' title='bbox 59 484 146 567; x_wconf 90' lang='lat' dir='ltr'>cepit</span> <span class='ocrx_word' id='word_1_22' title='bbox 174 487 209 548; x_wconf 88' lang='lat' dir='ltr'>et</span> <span class='ocrx_word' id='word_1_23' title='bbox 237 487 380 549; x_wconf 88' lang='lat' dir='ltr'>maxima</span> <span class='ocrx_word' id='word_1_24' title='bbox 403 484 474 550; x_wconf 91' lang='lat' dir='ltr'>auri</span> <span class='ocrx_word' id='word_1_25' title='bbox 497 485 689 568; x_wconf 79' lang='lat' dir='ltr'>argentique</span> <span class='ocrx_word' id='word_1_26' title='bbox 711 484 834 570; x_wconf 89' lang='lat' dir='ltr'>praeda</span> <span class='ocrx_word' id='word_1_27' title='bbox 855 483 1073 569; x_wconf 83' lang='lat' dir='ltr'>locupletatus</span> 
     </span>
     <span class='ocr_line' id='line_1_5' title="bbox 58 571 1074 657; baseline -0.001 -21"><span class='ocrx_word' id='word_1_28' title='bbox 58 576 174 636; x_wconf 87' lang='lat' dir='ltr'>votum</span> <span class='ocrx_word' id='word_1_29' title='bbox 196 572 304 656; x_wconf 87' lang='lat' dir='ltr'>patris</span> <span class='ocrx_word' id='word_1_30' title='bbox 327 571 484 656; x_wconf 83' lang='lat' dir='ltr'>Capitolii</span> <span class='ocrx_word' id='word_1_31' title='bbox 506 573 729 638; x_wconf 89' lang='lat' dir='ltr'>aedificatione</span> <span class='ocrx_word' id='word_1_32' title='bbox 751 573 910 657; x_wconf 84' lang='lat' dir='ltr'>persolvit</span> <span class='ocrx_word' id='word_1_33' title='bbox 932 574 965 635; x_wconf 90' lang='lat' dir='ltr'>et</span> <span class='ocrx_word' id='word_1_34' title='bbox 988 572 1074 636; x_wconf 92' lang='lat' dir='ltr'>colo·</span> 
     </span>
     <span class='ocr_line' id='line_1_6' title="bbox 34 659 1073 744; baseline -0.001 -21"><span class='ocrx_word' id='word_1_35' title='bbox 34 660 132 724; x_wconf 75' lang='lat' dir='ltr'>cuias</span> <span class='ocrx_word' id='word_1_36' title='bbox 155 659 290 724; x_wconf 86' lang='lat' dir='ltr'>deduxit</span> <span class='ocrx_word' id='word_1_37' title='bbox 313 665 346 725; x_wconf 87' lang='lat' dir='ltr'>et</span> <span class='ocrx_word' id='word_1_38' title='bbox 367 661 528 725; x_wconf 90' lang='lat' dir='ltr'>institutis</span> <span class='ocrx_word' id='word_1_39' title='bbox 551 683 672 743; x_wconf 80' lang='lat' dir='ltr'>eorum,</span> <span class='ocrx_word' id='word_1_40' title='bbox 695 683 715 724; x_wconf 90' lang='lat' dir='ltr'>a</span> <span class='ocrx_word' id='word_1_41' title='bbox 738 660 854 744; x_wconf 89' lang='lat' dir='ltr'>quibus</span> <span class='ocrx_word' id='word_1_42' title='bbox 878 663 969 724; x_wconf 90' lang='lat' dir='ltr'>ortus</span> <span class='ocrx_word' id='word_1_43' title='bbox 993 662 1073 742; x_wconf 90' lang='lat' dir='ltr'>erat,</span> 
     </span>
     <span class='ocr_line' id='line_1_7' title="bbox 60 745 1073 834; baseline 0.002 -23"><span class='ocrx_word' id='word_1_44' title='bbox 60 745 63 832; x_wconf 71' lang='lat' dir='ltr'>l</span> <span class='ocrx_word' id='word_1_45' title='bbox 89 748 176 813; x_wconf 89' lang='lat' dir='ltr'>dona</span> <span class='ocrx_word' id='word_1_46' title='bbox 208 749 383 834; x_wconf 83' lang='lat' dir='ltr'>magnifica</span> <span class='ocrx_word' id='word_1_47' title='bbox 415 749 508 833; x_wconf 87' lang='lat' dir='ltr'>quasi</span> <span class='ocrx_word' id='word_1_48' title='bbox 543 750 723 813; x_wconf 86' lang='lat' dir='ltr'>libamenta</span> <span class='ocrx_word' id='word_1_49' title='bbox 753 747 946 832; x_wconf 91' lang='lat' dir='ltr'>praedarum</span> <span class='ocrx_word' id='word_1_50' title='bbox 978 749 1021 829; x_wconf 92' lang='lat' dir='ltr'>[p.</span> <span class='ocrx_word' id='word_1_51' title='bbox 1040 763 1073 813; x_wconf 79' lang='lat'>16</span> 
     </span>
     <span class='ocr_line' id='line_1_8' title="bbox 58 835 1127 952; baseline 0.004 -53"><span class='ocrx_word' id='word_1_52' title='bbox 58 835 209 920; x_wconf 86' lang='lat' dir='ltr'>Delphos</span> <span class='ocrx_word' id='word_1_53' title='bbox 232 836 275 900; x_wconf 91' lang='lat' dir='ltr'>ad</span> <span class='ocrx_word' id='word_1_54' title='bbox 292 837 481 922; x_wconf 85' lang='lat' dir='ltr'>Apollinem</span> <span class='ocrx_word' id='word_1_55' title='bbox 503 837 602 902; x_wconf 86' lang='lat' dir='ltr'>misit.</span> <span class='ocrx_word' id='word_1_56' title='bbox 1083 887 1127 952; x_wconf 72' lang='lat'>25</span> 
     </span>
     <span class='ocr_line' id='line_1_9' title="bbox 124 923 1126 1014; baseline 0 -26"><span class='ocrx_word' id='word_1_57' title='bbox 124 923 191 988; x_wconf 92' lang='lat' dir='ltr'>Hic</span> <span class='ocrx_word' id='word_1_58' title='bbox 217 924 275 988; x_wconf 92' lang='lat' dir='ltr'>ille</span> <span class='ocrx_word' id='word_1_59' title='bbox 301 925 369 988; x_wconf 89' lang='lat' dir='ltr'>iam</span> <span class='ocrx_word' id='word_1_60' title='bbox 391 929 536 990; x_wconf 85' lang='lat' dir='ltr'>vertetur</span> <span class='ocrx_word' id='word_1_61' title='bbox 558 926 660 1008; x_wconf 54' lang='lat' dir='ltr'>orbis</span> <span class='ocrx_word' id='word_1_62' title='bbox 688 925 778 990; x_wconf 90' lang='lat' dir='ltr'>cuius</span> <span class='ocrx_word' id='word_1_63' title='bbox 800 924 984 989; x_wconf 73' lang='lat' dir='ltr'>naturalem</span> <span class='ocrx_word' id='word_1_64' title='bbox 1007 946 1073 988; x_wconf 93' lang='lat' dir='ltr'>mo·</span> <span class='ocrx_word' id='word_1_65' title='bbox 1092 965 1126 1014; x_wconf 79' lang='lat'>45</span> 
     </span>
     <span class='ocr_line' id='line_1_10' title="bbox 58 1011 1075 1099; baseline 0.001 -24"><span class='ocrx_word' id='word_1_66' title='bbox 58 1016 131 1078; x_wconf 90' lang='lat' dir='ltr'>tum</span> <span class='ocrx_word' id='word_1_67' title='bbox 158 1015 260 1096; x_wconf 89' lang='lat' dir='ltr'>atque</span> <span class='ocrx_word' id='word_1_68' title='bbox 286 1013 457 1078; x_wconf 90' lang='lat' dir='ltr'>circuitum</span> <span class='ocrx_word' id='word_1_69' title='bbox 480 1035 501 1077; x_wconf 92' lang='lat' dir='ltr'>a</span> <span class='ocrx_word' id='word_1_70' title='bbox 521 1013 629 1097; x_wconf 91' lang='lat' dir='ltr'>primo</span> <span class='ocrx_word' id='word_1_71' title='bbox 653 1013 766 1078; x_wconf 91' lang='lat' dir='ltr'>discite</span> <span class='ocrx_word' id='word_1_72' title='bbox 790 1013 996 1099; x_wconf 79' lang='lat' dir='ltr'>adgnoscere.</span> <span class='ocrx_word' id='word_1_73' title='bbox 1035 1011 1075 1076; x_wconf 90' lang='lat' dir='ltr'>Id</span> 
     </span>
     <span class='ocr_line' id='line_1_11' title="bbox 24 1100 1074 1187; baseline 0.006 -29"><span class='ocrx_word' id='word_1_74' title='bbox 24 1120 46 1158; x_wconf 80' lang='lat' dir='ltr'>rc</span> <span class='ocrx_word' id='word_1_75' title='bbox 59 1100 145 1164; x_wconf 89' lang='lat' dir='ltr'>enim</span> <span class='ocrx_word' id='word_1_76' title='bbox 169 1103 223 1164; x_wconf 89' lang='lat' dir='ltr'>est</span> <span class='ocrx_word' id='word_1_77' title='bbox 246 1104 344 1185; x_wconf 89' lang='lat' dir='ltr'>caput</span> <span class='ocrx_word' id='word_1_78' title='bbox 367 1101 472 1166; x_wconf 86' lang='lat' dir='ltr'>civilis</span> <span class='ocrx_word' id='word_1_79' title='bbox 494 1101 698 1187; x_wconf 82' lang='lat' dir='ltr'>prudentiae,</span> <span class='ocrx_word' id='word_1_80' title='bbox 720 1101 756 1166; x_wconf 89' lang='lat' dir='ltr'>in</span> <span class='ocrx_word' id='word_1_81' title='bbox 777 1123 843 1186; x_wconf 90' lang='lat' dir='ltr'>qua</span> <span class='ocrx_word' id='word_1_82' title='bbox 865 1101 971 1165; x_wconf 90' lang='lat' dir='ltr'>omnis</span> <span class='ocrx_word' id='word_1_83' title='bbox 992 1100 1074 1165; x_wconf 89' lang='lat' dir='ltr'>haec</span> 
     </span>
     <span class='ocr_line' id='line_1_12' title="bbox 58 1189 1074 1273; baseline 0 -21"><span class='ocrx_word' id='word_1_84' title='bbox 58 1192 175 1254; x_wconf 88' lang='lat' dir='ltr'>nostra</span> <span class='ocrx_word' id='word_1_85' title='bbox 198 1193 350 1253; x_wconf 88' lang='lat' dir='ltr'>versatur</span> <span class='ocrx_word' id='word_1_86' title='bbox 373 1190 488 1272; x_wconf 87' lang='lat' dir='ltr'>oratio,</span> <span class='ocrx_word' id='word_1_87' title='bbox 510 1189 619 1254; x_wconf 81' lang='lat' dir='ltr'>videre</span> <span class='ocrx_word' id='word_1_88' title='bbox 642 1190 760 1254; x_wconf 89' lang='lat' dir='ltr'>itinera</span> <span class='ocrx_word' id='word_1_89' title='bbox 782 1190 947 1273; x_wconf 84' lang='lat' dir='ltr'>flexusque</span> <span class='ocrx_word' id='word_1_90' title='bbox 965 1210 1074 1253; x_wconf 90' lang='lat' dir='ltr'>rerum</span> 
     </span>
     <span class='ocr_line' id='line_1_13' title="bbox 58 1276 1074 1361; baseline 0 -21"><span class='ocrx_word' id='word_1_91' title='bbox 58 1276 277 1360; x_wconf 90' lang='lat' dir='ltr'>publicarum,</span> <span class='ocrx_word' id='word_1_92' title='bbox 299 1280 346 1360; x_wconf 91' lang='lat' dir='ltr'>ut,</span> <span class='ocrx_word' id='word_1_93' title='bbox 369 1299 442 1343; x_wconf 91' lang='lat' dir='ltr'>cum</span> <span class='ocrx_word' id='word_1_94' title='bbox 466 1277 586 1360; x_wconf 86' lang='lat' dir='ltr'>sciatis,</span> <span class='ocrx_word' id='word_1_95' title='bbox 611 1300 674 1361; x_wconf 93' lang='lat' dir='ltr'>quo</span> <span class='ocrx_word' id='word_1_96' title='bbox 698 1299 844 1361; x_wconf 90' lang='lat' dir='ltr'>quaeque</span> <span class='ocrx_word' id='word_1_97' title='bbox 862 1299 914 1341; x_wconf 92' lang='lat' dir='ltr'>res</span> <span class='ocrx_word' id='word_1_98' title='bbox 932 1277 1074 1360; x_wconf 87' lang='lat' dir='ltr'>inclinet,</span> 
     </span>
     <span class='ocr_line' id='line_1_14' title="bbox 58 1363 1073 1452; baseline 0.001 -24"><span class='ocrx_word' id='word_1_99' title='bbox 58 1365 200 1429; x_wconf 88' lang='lat' dir='ltr'>retinere</span> <span class='ocrx_word' id='word_1_100' title='bbox 215 1367 273 1429; x_wconf 89' lang='lat' dir='ltr'>aut</span> <span class='ocrx_word' id='word_1_101' title='bbox 288 1369 364 1430; x_wconf 87' lang='lat' dir='ltr'>ante</span> <span class='ocrx_word' id='word_1_102' title='bbox 373 1365 508 1450; x_wconf 89' lang='lat' dir='ltr'>possitis</span> <span class='ocrx_word' id='word_1_103' title='bbox 521 1363 525 1452; x_wconf 67' lang='lat' dir='ltr'>l</span> <span class='ocrx_word' id='word_1_104' title='bbox 538 1387 713 1430; x_wconf 88' lang='lat' dir='ltr'>occurrere.</span> <span class='ocrx_word' id='word_1_105' title='bbox 735 1364 822 1429; x_wconf 92' lang='lat' dir='ltr'>Nam</span> <span class='ocrx_word' id='word_1_106' title='bbox 832 1387 889 1430; x_wconf 85' lang='lat' dir='ltr'>rex</span> <span class='ocrx_word' id='word_1_107' title='bbox 897 1365 963 1448; x_wconf 90' lang='lat' dir='ltr'>ille,</span> <span class='ocrx_word' id='word_1_108' title='bbox 974 1367 1073 1446; x_wconf 75' lang='lat' dir='ltr'>[paco</span> 
     </span>
     <span class='ocr_line' id='line_1_15' title="bbox 58 1453 1074 1539; baseline 0.001 -23"><span class='ocrx_word' id='word_1_109' title='bbox 58 1454 96 1517; x_wconf 93' lang='lat' dir='ltr'>de</span> <span class='ocrx_word' id='word_1_110' title='bbox 121 1474 187 1537; x_wconf 92' lang='lat' dir='ltr'>quo</span> <span class='ocrx_word' id='word_1_111' title='bbox 210 1453 337 1538; x_wconf 85' lang='lat' dir='ltr'>loquor,</span> <span class='ocrx_word' id='word_1_112' title='bbox 360 1454 502 1538; x_wconf 89' lang='lat' dir='ltr'>primum</span> <span class='ocrx_word' id='word_1_113' title='bbox 525 1453 641 1538; x_wconf 90' lang='lat' dir='ltr'>optimi</span> <span class='ocrx_word' id='word_1_114' title='bbox 666 1453 753 1539; x_wconf 83' lang='lat' dir='ltr'>regis</span> <span class='ocrx_word' id='word_1_115' title='bbox 777 1453 873 1518; x_wconf 88' lang='lat' dir='ltr'>caede</span> <span class='ocrx_word' id='word_1_116' title='bbox 892 1454 1074 1518; x_wconf 88' lang='lat' dir='ltr'>maculatus</span> 
     </span>
     <span class='ocr_line' id='line_1_16' title="bbox 24 1541 1074 1628; baseline 0.001 -23"><span class='ocrx_word' id='word_1_117' title='bbox 24 1541 193 1628; x_wconf 67' lang='lat' dir='ltr'>reintegra</span> <span class='ocrx_word' id='word_1_118' title='bbox 213 1545 324 1606; x_wconf 84' lang='lat' dir='ltr'>mente</span> <span class='ocrx_word' id='word_1_119' title='bbox 341 1564 408 1606; x_wconf 93' lang='lat' dir='ltr'>non</span> <span class='ocrx_word' id='word_1_120' title='bbox 426 1545 505 1625; x_wconf 76' lang='lat' dir='ltr'>erat,</span> <span class='ocrx_word' id='word_1_121' title='bbox 528 1544 653 1607; x_wconf 90' lang='lat' dir='ltr'>etcum</span> <span class='ocrx_word' id='word_1_122' title='bbox 671 1545 830 1606; x_wconf 89' lang='lat' dir='ltr'>metueret</span> <span class='ocrx_word' id='word_1_123' title='bbox 847 1542 918 1626; x_wconf 89' lang='lat' dir='ltr'>ipse</span> <span class='ocrx_word' id='word_1_124' title='bbox 935 1563 1074 1626; x_wconf 89' lang='lat' dir='ltr'>poenam</span> 
     </span>
     <span class='ocr_line' id='line_1_17' title="bbox 59 1629 1074 1713; baseline 0 -19"><span class='ocrx_word' id='word_1_125' title='bbox 59 1629 193 1694; x_wconf 88' lang='lat' dir='ltr'>sceleris</span> <span class='ocrx_word' id='word_1_126' title='bbox 217 1629 268 1694; x_wconf 90' lang='lat' dir='ltr'>sui</span> <span class='ocrx_word' id='word_1_127' title='bbox 293 1651 463 1713; x_wconf 87' lang='lat' dir='ltr'>summam,</span> <span class='ocrx_word' id='word_1_128' title='bbox 486 1629 588 1694; x_wconf 91' lang='lat' dir='ltr'>metui</span> <span class='ocrx_word' id='word_1_129' title='bbox 610 1652 645 1693; x_wconf 89' lang='lat' dir='ltr'>se</span> <span class='ocrx_word' id='word_1_130' title='bbox 667 1629 814 1712; x_wconf 81' lang='lat' dir='ltr'>volebat3</span> <span class='ocrx_word' id='word_1_131' title='bbox 837 1629 950 1694; x_wconf 89' lang='lat' dir='ltr'>deinde</span> <span class='ocrx_word' id='word_1_132' title='bbox 972 1629 1074 1694; x_wconf 85' lang='lat' dir='ltr'>victo-</span> 
     </span>
     <span class='ocr_line' id='line_1_18' title="bbox 57 1717 1073 1801; baseline 0 -19"><span class='ocrx_word' id='word_1_133' title='bbox 57 1718 115 1782; x_wconf 88' lang='lat' dir='ltr'>riis</span> <span class='ocrx_word' id='word_1_134' title='bbox 154 1717 344 1801; x_wconf 83' lang='lat' dir='ltr'>divitiisque</span> <span class='ocrx_word' id='word_1_135' title='bbox 376 1718 533 1782; x_wconf 86' lang='lat' dir='ltr'>subnixus</span> <span class='ocrx_word' id='word_1_136' title='bbox 566 1718 735 1782; x_wconf 85' lang='lat' dir='ltr'>exultabat</span> <span class='ocrx_word' id='word_1_137' title='bbox 764 1717 939 1782; x_wconf 88' lang='lat' dir='ltr'>insolentia</span> <span class='ocrx_word' id='word_1_138' title='bbox 969 1739 1073 1801; x_wconf 88' lang='lat' dir='ltr'>neque</span> 
     </span>
     <span class='ocr_line' id='line_1_19' title="bbox 58 1805 1073 1892; baseline -0.002 -21"><span class='ocrx_word' id='word_1_139' title='bbox 58 1827 136 1871; x_wconf 86' lang='lat' dir='ltr'>suos</span> <span class='ocrx_word' id='word_1_140' title='bbox 169 1827 279 1870; x_wconf 91' lang='lat' dir='ltr'>mores</span> <span class='ocrx_word' id='word_1_141' title='bbox 312 1825 425 1891; x_wconf 82' lang='lat' dir='ltr'>regere</span> <span class='ocrx_word' id='word_1_142' title='bbox 456 1809 588 1892; x_wconf 85' lang='lat' dir='ltr'>poterat</span> <span class='ocrx_word' id='word_1_143' title='bbox 618 1827 723 1890; x_wconf 90' lang='lat' dir='ltr'>neque</span> <span class='ocrx_word' id='word_1_144' title='bbox 753 1827 885 1869; x_wconf 91' lang='lat' dir='ltr'>suorum</span> <span class='ocrx_word' id='word_1_145' title='bbox 914 1805 1073 1870; x_wconf 89' lang='lat' dir='ltr'>libidines.</span> 
     </span>
     <span class='ocr_line' id='line_1_20' title="bbox 57 1892 1126 1978; baseline -0.002 -20"><span class='ocrx_word' id='word_1_146' title='bbox 57 1894 175 1978; x_wconf 89' lang='lat' dir='ltr'>Itaque</span> <span class='ocrx_word' id='word_1_147' title='bbox 191 1916 266 1959; x_wconf 91' lang='lat' dir='ltr'>cum</span> <span class='ocrx_word' id='word_1_148' title='bbox 280 1894 385 1958; x_wconf 90' lang='lat' dir='ltr'>maior</span> <span class='ocrx_word' id='word_1_149' title='bbox 399 1894 467 1959; x_wconf 90' lang='lat' dir='ltr'>eius</span> <span class='ocrx_word' id='word_1_150' title='bbox 481 1893 568 1958; x_wconf 89' lang='lat' dir='ltr'>filius</span> <span class='ocrx_word' id='word_1_151' title='bbox 582 1892 760 1976; x_wconf 82' lang='lat' dir='ltr'>Lucretiae,</span> <span class='ocrx_word' id='word_1_152' title='bbox 779 1893 963 1978; x_wconf 84' lang='lat' dir='ltr'>Tricipitini</span> <span class='ocrx_word' id='word_1_153' title='bbox 976 1894 1073 1977; x_wconf 89' lang='lat' dir='ltr'>filiae,</span> <span class='ocrx_word' id='word_1_154' title='bbox 1091 1907 1126 1957; x_wconf 74' lang='lat'>48</span> 
     </span>
     <span class='ocr_line' id='line_1_21' title="bbox 24 1981 1074 2066; baseline -0.002 -18"><span class='ocrx_word' id='word_1_155' title='bbox 24 2001 46 2039; x_wconf 71' lang='lat'>20</span> <span class='ocrx_word' id='word_1_156' title='bbox 59 1981 230 2048; x_wconf 80' lang='lat' dir='ltr'>Conlatini</span> <span class='ocrx_word' id='word_1_157' title='bbox 258 1982 366 2066; x_wconf 84' lang='lat' dir='ltr'>uxori,</span> <span class='ocrx_word' id='word_1_158' title='bbox 394 1982 462 2047; x_wconf 86' lang='lat' dir='ltr'>vim</span> <span class='ocrx_word' id='word_1_159' title='bbox 490 1982 656 2046; x_wconf 89' lang='lat' dir='ltr'>attulisset</span> <span class='ocrx_word' id='word_1_160' title='bbox 683 1981 862 2065; x_wconf 86' lang='lat' dir='ltr'>mulierque</span> <span class='ocrx_word' id='word_1_161' title='bbox 889 1981 1013 2066; x_wconf 92' lang='lat' dir='ltr'>pudens</span> <span class='ocrx_word' id='word_1_162' title='bbox 1041 1985 1074 2046; x_wconf 89' lang='lat' dir='ltr'>et</span> 
     </span>
     <span class='ocr_line' id='line_1_22' title="bbox 57 2069 1074 2154; baseline -0.002 -19"><span class='ocrx_word' id='word_1_163' title='bbox 57 2069 191 2154; x_wconf 76' lang='lat' dir='ltr'>nolbilis</span> <span class='ocrx_word' id='word_1_164' title='bbox 216 2070 259 2135; x_wconf 95' lang='lat' dir='ltr'>ob</span> <span class='ocrx_word' id='word_1_165' title='bbox 278 2070 372 2134; x_wconf 92' lang='lat' dir='ltr'>illam</span> <span class='ocrx_word' id='word_1_166' title='bbox 390 2069 543 2134; x_wconf 87' lang='lat' dir='ltr'>iniuriam</span> <span class='ocrx_word' id='word_1_167' title='bbox 562 2091 632 2134; x_wconf 86' lang='lat' dir='ltr'>sese</span> <span class='ocrx_word' id='word_1_168' title='bbox 650 2070 723 2152; x_wconf 91' lang='lat' dir='ltr'>ipsa</span> <span class='ocrx_word' id='word_1_169' title='bbox 740 2073 846 2134; x_wconf 89' lang='lat' dir='ltr'>morte</span> <span class='ocrx_word' id='word_1_170' title='bbox 865 2070 946 2133; x_wconf 92' lang='lat' dir='ltr'>mul-</span> <span class='ocrx_word' id='word_1_171' title='bbox 965 2072 1005 2150; x_wconf 86' lang='lat' dir='ltr'>[p.</span> <span class='ocrx_word' id='word_1_172' title='bbox 1021 2085 1074 2134; x_wconf 79' lang='lat'>256</span> 
     </span>
     <span class='ocr_line' id='line_1_23' title="bbox 57 2156 1075 2243; baseline -0.001 -20"><span class='ocrx_word' id='word_1_173' title='bbox 57 2159 208 2242; x_wconf 81' lang='lat' dir='ltr'>tavisset,</span> <span class='ocrx_word' id='word_1_174' title='bbox 231 2161 303 2222; x_wconf 90' lang='lat' dir='ltr'>tum</span> <span class='ocrx_word' id='word_1_175' title='bbox 325 2158 376 2222; x_wconf 87' lang='lat' dir='ltr'>vir</span> <span class='ocrx_word' id='word_1_176' title='bbox 397 2158 530 2243; x_wconf 85' lang='lat' dir='ltr'>ingenio</span> <span class='ocrx_word' id='word_1_177' title='bbox 549 2162 582 2221; x_wconf 91' lang='lat' dir='ltr'>et</span> <span class='ocrx_word' id='word_1_178' title='bbox 600 2158 722 2221; x_wconf 85' lang='lat' dir='ltr'>virtute</span> <span class='ocrx_word' id='word_1_179' title='bbox 739 2161 920 2241; x_wconf 86' lang='lat' dir='ltr'>praestans,</span> <span class='ocrx_word' id='word_1_180' title='bbox 942 2156 978 2221; x_wconf 91' lang='lat' dir='ltr'>L.</span> <span class='ocrx_word' id='word_1_181' title='bbox 994 2156 1075 2222; x_wconf 89' lang='lat' dir='ltr'>Bru-</span> 
     </span>
     <span class='ocr_line' id='line_1_24' title="bbox 58 2245 1074 2331; baseline -0.003 -20"><span class='ocrx_word' id='word_1_182' title='bbox 58 2252 125 2331; x_wconf 84' lang='lat' dir='ltr'>tus,</span> <span class='ocrx_word' id='word_1_183' title='bbox 156 2246 285 2331; x_wconf 89' lang='lat' dir='ltr'>depulit</span> <span class='ocrx_word' id='word_1_184' title='bbox 312 2269 333 2310; x_wconf 90' lang='lat' dir='ltr'>a</span> <span class='ocrx_word' id='word_1_185' title='bbox 360 2245 485 2310; x_wconf 84' lang='lat' dir='ltr'>civibus</span> <span class='ocrx_word' id='word_1_186' title='bbox 514 2246 579 2309; x_wconf 88' lang='lat' dir='ltr'>suis</span> <span class='ocrx_word' id='word_1_187' title='bbox 603 2245 760 2309; x_wconf 90' lang='lat' dir='ltr'>iniustum</span> <span class='ocrx_word' id='word_1_188' title='bbox 782 2245 863 2309; x_wconf 91' lang='lat' dir='ltr'>illud</span> <span class='ocrx_word' id='word_1_189' title='bbox 889 2246 987 2309; x_wconf 87' lang='lat' dir='ltr'>durae</span> <span class='ocrx_word' id='word_1_190' title='bbox 1010 2266 1074 2310; x_wconf 89' lang='lat' dir='ltr'>ser-</span> 
     </span>
     <span class='ocr_line' id='line_1_25' title="bbox 58 2332 1074 2420; baseline -0.003 -21"><span class='ocrx_word' id='word_1_191' title='bbox 58 2336 176 2400; x_wconf 81' lang='lat' dir='ltr'>vitutis</span> <span class='ocrx_word' id='word_1_192' title='bbox 209 2335 333 2420; x_wconf 78' lang='lat' dir='ltr'>iugum.</span> <span class='ocrx_word' id='word_1_193' title='bbox 379 2332 441 2408; x_wconf 82' lang='lat' dir='ltr'>Qui</span> <span class='ocrx_word' id='word_1_194' title='bbox 468 2356 542 2398; x_wconf 92' lang='lat' dir='ltr'>cum</span> <span class='ocrx_word' id='word_1_195' title='bbox 568 2333 715 2418; x_wconf 80' lang='lat' dir='ltr'>privatus</span> <span class='ocrx_word' id='word_1_196' title='bbox 743 2338 842 2416; x_wconf 87' lang='lat' dir='ltr'>esset,</span> <span class='ocrx_word' id='word_1_197' title='bbox 873 2337 978 2397; x_wconf 88' lang='lat' dir='ltr'>totam</span> <span class='ocrx_word' id='word_1_198' title='bbox 1004 2354 1074 2396; x_wconf 89' lang='lat' dir='ltr'>rem</span> 
     </span>
     <span class='ocr_line' id='line_1_26' title="bbox 24 2420 1075 2509; baseline -0.005 -21"><span class='ocrx_word' id='word_1_199' title='bbox 24 2423 230 2509; x_wconf 79' lang='lat' dir='ltr'>²⁵publicam</span> <span class='ocrx_word' id='word_1_200' title='bbox 258 2421 415 2487; x_wconf 89' lang='lat' dir='ltr'>sustinuit</span> <span class='ocrx_word' id='word_1_201' title='bbox 442 2421 629 2506; x_wconf 88' lang='lat' dir='ltr'>primusque</span> <span class='ocrx_word' id='word_1_202' title='bbox 656 2423 691 2484; x_wconf 94' lang='lat' dir='ltr'>in</span> <span class='ocrx_word' id='word_1_203' title='bbox 717 2421 779 2486; x_wconf 91' lang='lat' dir='ltr'>hac</span> <span class='ocrx_word' id='word_1_204' title='bbox 806 2421 938 2486; x_wconf 82' lang='lat' dir='ltr'>civitate</span> <span class='ocrx_word' id='word_1_205' title='bbox 966 2420 1075 2485; x_wconf 87' lang='lat' dir='ltr'>docuit</span> 
     </span>
     <span class='ocr_line' id='line_1_27' title="bbox 58 2508 1075 2593; baseline -0.005 -17"><span class='ocrx_word' id='word_1_206' title='bbox 58 2513 94 2576; x_wconf 90' lang='lat' dir='ltr'>in</span> <span class='ocrx_word' id='word_1_207' title='bbox 121 2510 349 2592; x_wconf 84' lang='lat' dir='ltr'>conservanda</span> <span class='ocrx_word' id='word_1_208' title='bbox 375 2509 494 2574; x_wconf 87' lang='lat' dir='ltr'>civium</span> <span class='ocrx_word' id='word_1_209' title='bbox 522 2510 675 2573; x_wconf 83' lang='lat' dir='ltr'>libertate</span> <span class='ocrx_word' id='word_1_210' title='bbox 698 2531 767 2573; x_wconf 91' lang='lat' dir='ltr'>esse</span> <span class='ocrx_word' id='word_1_211' title='bbox 790 2509 953 2593; x_wconf 86' lang='lat' dir='ltr'>privatum</span> <span class='ocrx_word' id='word_1_212' title='bbox 975 2508 1075 2572; x_wconf 91' lang='lat' dir='ltr'>nemi·</span> 
     </span>
     <span class='ocr_line' id='line_1_28' title="bbox 59 2596 1075 2682; baseline -0.004 -18"><span class='ocrx_word' id='word_1_213' title='bbox 59 2622 144 2664; x_wconf 90' lang='lat' dir='ltr'>uem.</span> <span class='ocrx_word' id='word_1_214' title='bbox 183 2597 255 2674; x_wconf 79' lang='lat' dir='ltr'>Quo</span> <span class='ocrx_word' id='word_1_215' title='bbox 280 2602 413 2662; x_wconf 88' lang='lat' dir='ltr'>auctore</span> <span class='ocrx_word' id='word_1_216' title='bbox 432 2601 465 2661; x_wconf 88' lang='lat' dir='ltr'>ct</span> <span class='ocrx_word' id='word_1_217' title='bbox 482 2596 628 2682; x_wconf 87' lang='lat' dir='ltr'>principe</span> <span class='ocrx_word' id='word_1_218' title='bbox 647 2597 809 2661; x_wconf 88' lang='lat' dir='ltr'>concitata</span> <span class='ocrx_word' id='word_1_219' title='bbox 827 2596 943 2661; x_wconf 89' lang='lat' dir='ltr'>civitas</span> <span class='ocrx_word' id='word_1_220' title='bbox 963 2599 996 2659; x_wconf 89' lang='lat' dir='ltr'>et</span> <span class='ocrx_word' id='word_1_221' title='bbox 1013 2596 1075 2660; x_wconf 92' lang='lat' dir='ltr'>hac</span> 
     </span>
     <span class='ocr_line' id='line_1_29' title="bbox 58 2682 1074 2770; baseline -0.004 -18"><span class='ocrx_word' id='word_1_222' title='bbox 58 2688 185 2753; x_wconf 90' lang='lat' dir='ltr'>recenti</span> <span class='ocrx_word' id='word_1_223' title='bbox 217 2682 375 2770; x_wconf 65' lang='lat' dir='ltr'>quejrella</span> <span class='ocrx_word' id='word_1_224' title='bbox 400 2684 570 2750; x_wconf 87' lang='lat' dir='ltr'>Lucretiae</span> <span class='ocrx_word' id='word_1_225' title='bbox 602 2685 706 2769; x_wconf 89' lang='lat' dir='ltr'>patris</span> <span class='ocrx_word' id='word_1_226' title='bbox 739 2707 776 2749; x_wconf 91' lang='lat' dir='ltr'>ac</span> <span class='ocrx_word' id='word_1_227' title='bbox 804 2685 934 2769; x_wconf 91' lang='lat' dir='ltr'>propin·</span> <span class='ocrx_word' id='word_1_228' title='bbox 961 2685 1002 2764; x_wconf 89' lang='lat' dir='ltr'>[p.</span> <span class='ocrx_word' id='word_1_229' title='bbox 1022 2700 1074 2749; x_wconf 75' lang='lat'>245</span> 
     </span>
     <span class='ocr_line' id='line_1_30' title="bbox 60 2771 1075 2860; baseline -0.006 -20"><span class='ocrx_word' id='word_1_230' title='bbox 60 2798 201 2860; x_wconf 90' lang='lat' dir='ltr'>quorum</span> <span class='ocrx_word' id='word_1_231' title='bbox 235 2777 269 2839; x_wconf 90' lang='lat' dir='ltr'>et</span> <span class='ocrx_word' id='word_1_232' title='bbox 300 2772 524 2838; x_wconf 89' lang='lat' dir='ltr'>recordatione</span> <span class='ocrx_word' id='word_1_233' title='bbox 556 2773 727 2857; x_wconf 90' lang='lat' dir='ltr'>superbiae</span> <span class='ocrx_word' id='word_1_234' title='bbox 759 2771 927 2856; x_wconf 81' lang='lat' dir='ltr'>Tarquinii</span> <span class='ocrx_word' id='word_1_235' title='bbox 958 2772 1075 2835; x_wconf 89' lang='lat' dir='ltr'>multa-</span> 
     </span>
     <span class='ocr_line' id='line_1_31' title="bbox 25 2859 1076 2947; baseline -0.006 -19"><span class='ocrx_word' id='word_1_236' title='bbox 25 2879 198 2947; x_wconf 69' lang='lat' dir='ltr'>wrumque</span> <span class='ocrx_word' id='word_1_237' title='bbox 228 2861 422 2926; x_wconf 92' lang='lat' dir='ltr'>iniuriarum</span> <span class='ocrx_word' id='word_1_238' title='bbox 454 2864 488 2925; x_wconf 89' lang='lat' dir='ltr'>et</span> <span class='ocrx_word' id='word_1_239' title='bbox 518 2860 622 2945; x_wconf 87' lang='lat' dir='ltr'>ipsius</span> <span class='ocrx_word' id='word_1_240' title='bbox 649 2863 683 2924; x_wconf 90' lang='lat' dir='ltr'>et</span> <span class='ocrx_word' id='word_1_241' title='bbox 709 2860 852 2924; x_wconf 90' lang='lat' dir='ltr'>filiorum</span> <span class='ocrx_word' id='word_1_242' title='bbox 883 2859 1010 2923; x_wconf 84' lang='lat' dir='ltr'>exulem</span> <span class='ocrx_word' id='word_1_243' title='bbox 1042 2864 1076 2923; x_wconf 92' lang='lat' dir='ltr'>et</span> 
     </span>
     <span class='ocr_line' id='line_1_32' title="bbox 59 2947 1076 3037; baseline -0.002 -23"><span class='ocrx_word' id='word_1_244' title='bbox 59 2973 172 3037; x_wconf 82' lang='lat' dir='ltr'>regem</span> <span class='ocrx_word' id='word_1_245' title='bbox 195 2951 305 3034; x_wconf 89' lang='lat' dir='ltr'>ipsum</span> <span class='ocrx_word' id='word_1_246' title='bbox 327 2952 361 3014; x_wconf 86' lang='lat' dir='ltr'>et</span> <span class='ocrx_word' id='word_1_247' title='bbox 383 2949 505 3014; x_wconf 86' lang='lat' dir='ltr'>liberos</span> <span class='ocrx_word' id='word_1_248' title='bbox 528 2949 596 3013; x_wconf 90' lang='lat' dir='ltr'>eius</span> <span class='ocrx_word' id='word_1_249' title='bbox 620 2951 654 3012; x_wconf 89' lang='lat' dir='ltr'>et</span> <span class='ocrx_word' id='word_1_250' title='bbox 676 2952 807 3034; x_wconf 82' lang='lat' dir='ltr'>gentem</span> <span class='ocrx_word' id='word_1_251' title='bbox 825 2947 1076 3030; x_wconf 83' lang='lat' dir='ltr'>Tarquiniorum</span> 
     </span>
     <span class='ocr_line' id='line_1_33' title="bbox 59 3039 262 3105; baseline -0.015 -1"><span class='ocrx_word' id='word_1_252' title='bbox 59 3061 130 3105; x_wconf 87' lang='lat' dir='ltr'>esse</span> <span class='ocrx_word' id='word_1_253' title='bbox 153 3039 262 3103; x_wconf 89' lang='lat' dir='ltr'>iussit.</span> 
     </span>
     <span class='ocr_line' id='line_1_34' title="bbox 124 3086 1129 3212; baseline -0.004 -20"><span class='ocrx_word' id='word_1_254' title='bbox 124 3126 300 3192; x_wconf 87' lang='lat' dir='ltr'>Videtisne</span> <span class='ocrx_word' id='word_1_255' title='bbox 317 3125 429 3210; x_wconf 81' lang='lat' dir='ltr'>igitur,</span> <span class='ocrx_word' id='word_1_256' title='bbox 447 3127 486 3189; x_wconf 93' lang='lat' dir='ltr'>ut</span> <span class='ocrx_word' id='word_1_257' title='bbox 504 3124 543 3188; x_wconf 90' lang='lat' dir='ltr'>de</span> <span class='ocrx_word' id='word_1_258' title='bbox 555 3144 633 3208; x_wconf 83' lang='lat' dir='ltr'>rege</span> <span class='ocrx_word' id='word_1_259' title='bbox 646 3124 795 3188; x_wconf 90' lang='lat' dir='ltr'>dominus</span> <span class='ocrx_word' id='word_1_260' title='bbox 809 3121 955 3187; x_wconf 83' lang='lat' dir='ltr'>extiterit</span> <span class='ocrx_word' id='word_1_261' title='bbox 967 3123 1075 3188; x_wconf 92' lang='lat' dir='ltr'>unius·</span> <span class='ocrx_word' id='word_1_262' title='bbox 1085 3086 1129 3212; x_wconf 48' lang='lat'>24?</span> 
     </span>
     <span class='ocr_line' id='line_1_35' title="bbox 59 3211 1075 3300; baseline -0.004 -20"><span class='ocrx_word' id='word_1_263' title='bbox 59 3238 121 3300; x_wconf 91' lang='lat' dir='ltr'>que</span> <span class='ocrx_word' id='word_1_264' title='bbox 150 3215 235 3280; x_wconf 84' lang='lat' dir='ltr'>vitio</span> <span class='ocrx_word' id='word_1_265' title='bbox 259 3236 362 3300; x_wconf 87' lang='lat' dir='ltr'>genus</span> <span class='ocrx_word' id='word_1_266' title='bbox 385 3213 435 3277; x_wconf 91' lang='lat' dir='ltr'>rei</span> <span class='ocrx_word' id='word_1_267' title='bbox 456 3212 606 3297; x_wconf 88' lang='lat' dir='ltr'>publicae</span> <span class='ocrx_word' id='word_1_268' title='bbox 629 3233 667 3276; x_wconf 84' lang='lat' dir='ltr'>ex</span> <span class='ocrx_word' id='word_1_269' title='bbox 689 3211 776 3276; x_wconf 89' lang='lat' dir='ltr'>bono</span> <span class='ocrx_word' id='word_1_270' title='bbox 798 3212 835 3275; x_wconf 92' lang='lat' dir='ltr'>iu</span> <span class='ocrx_word' id='word_1_271' title='bbox 856 3212 1075 3276; x_wconf 89' lang='lat' dir='ltr'>deterrumum</span> 
     </span>
     <span class='ocr_line' id='line_1_36' title="bbox 25 3299 1075 3383; baseline -0.005 -14"><span class='ocrx_word' id='word_1_272' title='bbox 25 3319 256 3369; x_wconf 49' lang='lat' dir='ltr'>&amp;conversum</span> <span class='ocrx_word' id='word_1_273' title='bbox 284 3302 351 3366; x_wconf 82' lang='lat' dir='ltr'>sit?</span> <span class='ocrx_word' id='word_1_274' title='bbox 384 3300 449 3366; x_wconf 90' lang='lat' dir='ltr'>Hic</span> <span class='ocrx_word' id='word_1_275' title='bbox 471 3303 522 3365; x_wconf 87' lang='lat' dir='ltr'>est</span> <span class='ocrx_word' id='word_1_276' title='bbox 545 3300 631 3364; x_wconf 92' lang='lat' dir='ltr'>enim</span> <span class='ocrx_word' id='word_1_277' title='bbox 653 3299 803 3364; x_wconf 90' lang='lat' dir='ltr'>dominus</span> <span class='ocrx_word' id='word_1_278' title='bbox 825 3299 952 3383; x_wconf 89' lang='lat' dir='ltr'>populi,</span> <span class='ocrx_word' id='word_1_279' title='bbox 979 3321 1075 3383; x_wconf 91' lang='lat' dir='ltr'>quem</span> 
     </span>
     <span class='ocr_line' id='line_1_37' title="bbox 59 3387 1074 3474; baseline -0.004 -18"><span class='ocrx_word' id='word_1_280' title='bbox 59 3391 178 3457; x_wconf 88' lang='lat' dir='ltr'>Gracci</span> <span class='ocrx_word' id='word_1_281' title='bbox 210 3387 397 3474; x_wconf 73' lang='lat' dir='ltr'>tyranlnum</span> <span class='ocrx_word' id='word_1_282' title='bbox 428 3391 561 3471; x_wconf 86' lang='lat' dir='ltr'>vocant;</span> <span class='ocrx_word' id='word_1_283' title='bbox 592 3399 673 3451; x_wconf 89' lang='lat' dir='ltr'>nam&#39;</span> <span class='ocrx_word' id='word_1_284' title='bbox 698 3408 809 3473; x_wconf 82' lang='lat' dir='ltr'>regem</span> <span class='ocrx_word' id='word_1_285' title='bbox 838 3387 933 3451; x_wconf 91' lang='lat' dir='ltr'>illum</span> <span class='ocrx_word' id='word_1_286' title='bbox 962 3389 1003 3468; x_wconf 88' lang='lat' dir='ltr'>[p.</span> <span class='ocrx_word' id='word_1_287' title='bbox 1022 3403 1074 3452; x_wconf 78' lang='lat'>246</span> 
     </span>
     <span class='ocr_line' id='line_1_38' title="bbox 58 3476 1075 3561; baseline -0.005 -16"><span class='ocrx_word' id='word_1_288' title='bbox 58 3481 177 3546; x_wconf 85' lang='lat' dir='ltr'>volunt</span> <span class='ocrx_word' id='word_1_289' title='bbox 201 3499 283 3561; x_wconf 87' lang='lat' dir='ltr'>esse,</span> <span class='ocrx_word' id='word_1_290' title='bbox 307 3477 363 3561; x_wconf 91' lang='lat' dir='ltr'>qui</span> <span class='ocrx_word' id='word_1_291' title='bbox 385 3476 528 3541; x_wconf 89' lang='lat' dir='ltr'>consulit</span> <span class='ocrx_word' id='word_1_292' title='bbox 549 3479 587 3539; x_wconf 87' lang='lat' dir='ltr'>ut</span> <span class='ocrx_word' id='word_1_293' title='bbox 608 3497 726 3560; x_wconf 89' lang='lat' dir='ltr'>parens</span> <span class='ocrx_word' id='word_1_294' title='bbox 748 3476 870 3561; x_wconf 91' lang='lat' dir='ltr'>populo</span> <span class='ocrx_word' id='word_1_295' title='bbox 893 3479 1075 3540; x_wconf 84' lang='lat' dir='ltr'>conservat·</span> 
     </span>
    </p>
   </div>
   <div class='ocr_carea' id='block_1_3' title="bbox 111 3585 861 3643">
    <p class='ocr_par' dir='ltr' id='par_1_3' title="bbox 111 3585 861 3643">
     <span class='ocr_line' id='line_1_39' title="bbox 111 3585 861 3643; baseline -0.013 -2"><span class='ocrx_word' id='word_1_296' title='bbox 111 3599 227 3643; x_wconf 82' lang='lat' dir='ltr'>010.1v.</span> <span class='ocrx_word' id='word_1_297' title='bbox 245 3601 265 3640; x_wconf 78' lang='lat'>2,</span> <span class='ocrx_word' id='word_1_298' title='bbox 827 3585 861 3632; x_wconf 75' lang='lat'>21</span> 
     </span>
    </p>
   </div>
   <div class='ocr_carea' id='block_1_4' title="bbox 0 0 1269 3880">
    <p class='ocr_par' dir='ltr' id='par_1_4' title="bbox 0 0 1269 3880">
     <span class='ocr_line' id='line_1_40' title="bbox 0 0 1269 3880; baseline 0 0"><span class='ocrx_word' id='word_1_299' title='bbox 0 0 1269 3880; x_wconf 95' lang='lat' dir='ltr'> </span> 
     </span>
    </p>
   </div>
  </div>
 </body>
</html>
