2630 3890
344 113 413 170 nlss.
432 113 466 170 ιι.
492 113 567 169 οΑΡ.
588 121 701 171 ιιι-ιι.
725 121 740 182 s
760 122 873 172 er-sr.
1044 117 1108 180 227

97 259 125 324 si
148 257 372 344 suscipiamus,
394 258 486 344 pedis
510 259 644 325 offensio
667 260 763 324 nobis
786 263 819 324 et
839 260 959 345 abrupt
944 260 991 326 tio
1011 261 1109 326 corri-

97 347 170 434 giae
194 351 228 411 et
251 351 474 412 sternumenta
498 352 592 412 erunt
615 347 826 412 observanda
1117 399 1161 466 41

164 432 276 501 Sortes
299 439 426 500 restant
449 439 482 500 et
504 434 738 588 Chaldaei,ut
724 436 802 500 tad
824 439 881 501 vat
883 458 916 500 es
939 437 1107 502 veniamus
1127 475 1162 528 35

97 527 130 588 et
162 523 204 588 ad
232 523 367 588 somnia.
412 523 627 589 Dicendum'
618 524 665 610 rgi
667 529 721 588 tur
747 528 806 609 put
808 547 843 589 as
874 525 913 589 de
941 546 995 590 sor
996 525 1108 591 tibus?

70 611 181 688 sQuid
200 612 286 676 enim
305 633 376 677 sors
396 612 468 678 est?
491 610 582 676 Idem
600 633 702 697 prope
716 612 857 696 modum,
876 613 962 714 quod
980 613 1109 699 micare

97 701 184 785 quod
206 700 325 765 talos
315 721 434 784 meere,
461 700 585 785 quodt
587 721 724 784 esseras,
747 701 897 784 quibus
886 723 922 765 m
944 701 1040 766 rebus
1063 706 1109 766 te·

96 789 230 852 meritas
254 791 287 852 et
301 809 414 871 ¹casus,
436 809 503 852 non
526 788 611 853 ratio
629 810 688 853 nee
707 789 880 854 consilium
898 790 994 854 valet.
1024 789 1109 856 Tota

15 877 16 884 ³
96 899 148 941 res
167 880 218 941 est
236 876 369 942 inventa
386 876 525 941 fallaciis
546 879 602 941 aut
621 876 662 941 ad
681 881 853 1029 quaestum
872 881 929 942 aut
943 877 985 942 ad
998 899 1109 963 super·

97 965 265 1030 stitionem
295 969 352 1030 aut
338 964 420 1029 tad
447 986 597 1029 errorem.
639 964 748 1050 Atque
775 968 812 1030 ut
838 965 874 1029 in
900 966 1109 1052 haruspicina

58 1072 83 1111 ιο
96 1053 245 1136 fecimus,
278 1053 324 1118 sic
355 1053 536 1136 videamus,
568 1052 833 1118 clarissumarum
860 1055 998 1119 sortium
1026 1077 1108 1139 quae

96 1103 278 1206 tradatui
268 1145 381 1207 rnvent
383 1141 423 1205 io.
459 1139 651 1205 Numerium
674 1138 807 1206 Suffust'
783 1146 865 1207 itum
883 1141 1109 1208 Praenestino·

96 1252 169 1294 rum
193 1234 403 1294 monumenta
368 1229 600 1312 tdeclarant‚
622 1229 739 1294 honest
725 1233 796 1294 tum
818 1230 983 1295 hominem
1002 1234 1035 1296 et
1053 1253 1109 1296 no·

96 1318 206 1401 bilem,
230 1317 364 1383 somniis
385 1318 516 1401 crebris,
540 1317 581 1382 ad
604 1320 784 1382 extremum
803 1319 902 1383 etiam
926 1319 1107 1386 minacibus

97 1430 170 1472 cum
193 1407 359 1471 iuberetur
381 1409 470 1471 certo
493 1405 528 1470 in
550 1406 622 1470 loco
646 1406 769 1470 silicem
794 1407 935 1492 caedere,
957 1409 1108 1492 perterri-

56 1513 82 1553 ιι
96 1500 168 1560 tum
195 1494 273 1559 visis
301 1493 513 1558 irridentibus
536 1495 602 1559 suis
626 1493 750 1558 civibus
773 1495 807 1558 id
830 1517 927 1580 agere
949 1496 1108 1582 coepisse;

96 1584 208 1668 itaque
226 1581 389 1667 perfracto
409 1604 487 1647 saxo
507 1583 605 1646 sortis
625 1583 768 1667 erupisse
786 1583 821 1647 in
835 1584 952 1648 robore
967 1584 1108 1668 insculp-

96 1677 148 1736 tas
180 1674 361 1756 priscarum
393 1670 578 1735 litterarum
609 1670 705 1735 notia.
755 1669 788 1734 Is
817 1675 867 1736 est
893 1671 990 1736 hodie
1017 1673 1107 1738 locus

97 1763 230 1844 saeptus
253 1759 406 1844 religiose
430 1762 563 1844 propter
581 1757 669 1824 lovis
692 1759 793 1843 pueri,
817 1759 874 1844 qui
890 1760 1015 1825 lactens
1034 1783 1107 1826 cum

96 1848 220 1913 lunone
238 1845 402 1912 Fortunae
424 1847 459 1910 in
479 1847 602 1932 gremio
623 1847 736 1911 sedens
756 1870 932 1912 mammam
951 1849 1106 1933 adpetens
1183 1901 1185 1907 .

55 1956 83 1994 ιο
97 1935 279 2002 castissime
302 1935 420 2001 colitur
443 1957 463 1999 a
485 1935 654 2000 matribus,
694 1935 881 2020 Flodemque
904 1940 1050 2022 tempore
1072 1938 1107 2001 in
1125 1948 1160 2000 86
1268 1941 1272 1948 ’

96 2048 134 2090 eo
164 2026 249 2107 loco,
277 2023 335 2088 ubi
360 2022 523 2088 Fortunae
550 2045 634 2088 nunc
663 2028 713 2088 est
741 2025 849 2108 aedeS,
877 2025 942 2090 mel
970 2047 1008 2090 ex
1036 2026 1108 2091 olea

96 2113 227 2178 fluxisse
246 2111 366 2194 dicunt,
384 2111 636 2197 haruspicesque
655 2111 774 2177 dixisse
794 2112 921 2178 summa
934 2113 1107 2179 nobilitate

95 2203 171 2266 illas
191 2201 290 2265 sortis
308 2201 446 2283 flaturas,
470 2221 644 2284 eorumque
663 2200 754 2266 iussu
773 2223 811 2266 ex
828 2202 888 2266 illa
906 2201 979 2266 olea
997 2224 1106 2268 arcam

96 2311 167 2354 esse
190 2288 320 2372 factam,
344 2310 445 2372 eoque
469 2288 614 2353 conditas
639 2288 747 2373 sortis,
771 2311 852 2373 quae
874 2289 970 2354 hodie
993 2287 1107 2355 Fortu-

56 2373 82 2436 ιι
96 2400 159 2444 nae
183 2377 310 2442 monitu
331 2376 501 2440 tolluntur.
543 2375 625 2451 Quid
648 2377 750 2462 igitur
773 2378 808 2442 in
829 2377 880 2441 his
903 2381 1013 2462 potest
1037 2399 1107 2442 esse

96 2465 191 2549 certi,
224 2487 306 2550 quae
332 2463 496 2529 Fortunae
529 2465 654 2529 monitu
686 2466 779 2550 pueri
806 2475 903 2530 man'u
930 2465 1107 2530 miscentur

96 2558 196 2637 atque
219 2554 339 2618 ducunt
340 2553 400 2618 ur?
424 2575 487 2639 quo
507 2553 602 2617 modo
622 2557 731 2618 autern
749 2554 833 2619 istae
850 2553 1004 2638 positae'
994 2575 1029 2617 m
1047 2553 1106 2619 illo

96 2642 193 2707 loco‘l
230 2641 302 2726 quis
337 2641 438 2706 robur
471 2641 552 2705 illud
584 2641 712 2724 cecidit,
684 2642 885 2726 tdolavit‚
918 2641 1106 2726 inscripsit?

96 2728 259 2794 Nihilt
210 2733 259 2794 est
260 2730 446 2830 ‚inquiunt
465 2729 551 2814 quod
570 2729 647 2794 deus
667 2693 792 2795 efiicere
811 2752 877 2795 non
890 2730 1004 2814 possit.
1036 2728 1107 2794 Uti-

55 2835 83 2875 ιο
96 2840 175 2883 nam
198 2818 324 2903 sapient
325 2819 353 2882 is
310 2781 498 2883 tStoicos
523 2817 690 2900 effecisset,
712 2841 752 2882 ne
776 2818 885 2883 omnia
905 2840 978 2882 cum
997 2839 1106 2903 super·

97 2906 228 2972 stitiosa
259 2907 380 2972 sollicit
366 2906 542 2970 tudinet
510 2911 542 2970 et
574 2906 704 2970 miseria
735 2907 916 2972 crederent!
953 2903 1016 2970 Sed
1044 2907 1105 2990 lac

97 2995 226 3080 quidem
246 3016 347 3080 genus
366 2994 575 3059 divinationis
593 2994 662 3059 vita
675 2994 741 3059 iam
758 2994 938 3059 communis
953 2994 1106 3079 explosit3

96 3083 165 3149 lani
178 3082 385 3168 pulchritudo
401 3085 434 3146 et
447 3086 594 3146 vetustas
608 3081 894 3147 Praenestinarum
909 3082 1007 3147 etiam
1020 3105 1105 3148 nunc

96 3172 216 3236 retinet
240 3171 377 3248 sortium
395 3191 521 3254 nomen,
545 3175 642 3254 atque
661 3171 693 3234 id
712 3171 746 3234 in
765 3172 890 3257 volgus,
922 3169 1001 3246 Quis
1020 3171 1105 3235 eninr
1125 3181 1158 3232 87

56 3275 82 3316 3⁵
96 3260 311 3346 magistratus
345 3262 400 3322 aut
433 3258 504 3342 quis
536 3259 586 3323 vir
613 3258 782 3323 inlustrior
809 3260 912 3324 utitur
941 3259 1105 3324 sortibus?

97 3349 213 3414 ceteris
241 3369 318 3411 vero
346 3347 380 3409 in
407 3346 486 3411 locis
516 3351 619 3410 sortes
646 3347 742 3430 plane
765 3347 969 3413 refrixerrmt.
1014 3347 1106 3424 Quod

97 3435 296 3501 Carneadem
325 3432 546 3499 Clitomachus
579 3434 692 3499 scribit
722 3434 827 3501 dicere
855 3437 1001 3522 solitum,
1032 3457 1105 3500 nus-

838 3539 892 3592 15*
