2610 3894
349 154 417 212 LIB.
436 156 472 212 11.
493 155 569 211 οΑΡ.
589 134 703 212 sesser.
723 161 738 222 s
758 162 907 212 rer-rae.
1071 157 1131 222 101

113 300 157 366 ad
174 301 311 365 inventa
330 300 448 384 animo,
467 303 623 386 percepta
642 299 790 364 sensibus
810 300 966 365 adhibitis
982 299 1134 384 opificum

113 389 266 454 manibus
291 389 402 453 omnia
423 410 483 453 nos
508 392 707 472 consecutos,
729 391 767 452 ut
785 389 874 472 tecti,
896 393 934 452 ut
952 389 1074 472 vestiti,
1097 394 1134 453 ut

114 477 201 542 salvi
224 498 295 541 esse
318 498 503 561 possemus,
526 477 633 560 urbes,
656 497 776 559 muros,
800 476 974 561 domicilia,
997 477 1134 542 delubra

113 565 320 630 haberemus,
357 563 428 629 Iam
451 586 528 630 vero
553 565 705 649 operibus
728 563 908 650 hominum,
930 565 1033 630 idest
1052 579 1185 630 ma-151

87 655 227 736 snibuS,
257 652 322 718 cibi
352 653 452 718 etiam
481 653 624 718 varietas
651 652 817 718 invenitur
845 657 878 718 et
901 654 1002 738 copia.
1046 652 1135 719 Nem

83 751 86 756 ’
115 745 151 807 et
179 741 253 827 agri
282 741 387 806 multa
415 741 553 805 efferunt
576 763 675 805 manu
699 742 860 825 quaesita,
889 763 971 826 quae
994 742 1046 806 vel
1070 746 1135 806 sta-

115 830 179 895 tim
207 833 441 895 consumantur
463 830 517 894 vel
539 829 735 894 mandentur
758 831 889 895 condita
911 830 1079 913 vetustati,
1101 835 1135 895 et

115 921 289 1004 praeterea
315 919 476 983 vescimur
503 917 619 982 bestiis
648 921 682 982 et
708 919 846 982 terrenis
874 921 908 982 et
936 919 1135 1002 aquatilibus

116 1010 152 1071 et
174 1005 364 1071 volantibus
387 1006 510 1091 partim
534 1005 699 1091 capiendo,
723 1007 845 1091 partim
865 1006 990 1071 alendo.
1028 1007 1136 1072 Effici-

74 1117 102 1155 ιο
116 1095 317 1160 mus-eriam
336 1095 461 1159 domitu
479 1097 593 1159 nostro
614 1094 849 1179 quadripedum
865 1095 1041 1179 vectiones,
1060 1117 1137 1180 quo-

117 1205 193 1248 rum
219 1182 370 1247 celeritas
395 1186 494 1267 atque
515 1183 566 1248 vis
590 1183 685 1247 nobis
707 1182 789 1267 ipsis
813 1183 920 1247 adfert
942 1183 1010 1248 rim
1034 1187 1067 1248 et
1089 1205 1137 1248 ce-

117 1271 295 1336 leritatem.
344 1269 415 1335 Nos
449 1292 549 1336 onera
581 1270 775 1354 quibusdam
806 1271 935 1354 bestiis,
965 1293 1027 1336 nos
1059 1272 1138 1357 iuga

116 1360 317 1444 inponimus,
335 1381 396 1424 nos
416 1359 664 1444 elephantorum
679 1359 885 1424 acutissumis
901 1359 1060 1461 sensibus,
1076 1382 1138 1425 nos

119 1447 269 1532 sagacite
250 1450 303 1512 ate
340 1469 456 1512 canum
493 1447 534 1512 ad
571 1447 751 1511 utilitatem
782 1451 931 1512 nostram
964 1449 1138 1531 abutimur,

75 1555 182 1602 151108
206 1558 224 1601 e
246 1539 354 1601 terrae
377 1536 524 1600 cavernis
546 1534 671 1600 ferrum
694 1535 855 1620 eligimus,
878 1558 948 1600 rem
970 1537 1012 1601 ad
1034 1537 1139 1601 colen-

119 1623 194 1690 dos
204 1645 302 1710 agros
325 1624 556 1725 necessariam,
579 1645 640 1688 nos
664 1624 758 1708 aeris,
782 1625 920 1710 argenti,
944 1625 1016 1689 auri
1038 1645 1137 1690 venas

116 1713 251 1799 penitus
284 1712 455 1778 abditas
446 1712 629 1777 mvenimus
660 1715 694 1776 et
722 1712 763 1777 ad
789 1733 885 1776 usum
913 1716 1008 1798 aptas
1037 1716 1070 1777 et
1097 1714 1138 1778 ad

118 1806 274 1868 ornatum
293 1802 436 1885 decoras,
459 1801 689 1865 arborumt
632 1803 689 1864 aut
691 1822 743 1864 em
762 1801 966 1866 consectione
986 1801 1139 1885 omnique

118 1890 260 1955 materia
288 1893 321 1954 et
348 1889 437 1955 culta
464 1892 497 1953 et
525 1889 670 1953 silvestri
697 1889 820 1973 partim
848 1889 889 1953 ad
913 1889 1139 1955 calficiendum

77 1997 105 2036 2⁰
120 1999 240 2062 corpus
263 1977 335 2063 igni
359 1977 506 2042 adhibito
529 1976 623 2042 etad
642 1977 861 2062 mitigandum
879 1977 989 2043 cibum
1007 1979 1139 2060 utimur,

119 2067 243 2152 partim
272 2066 313 2129 ad
341 2065 590 2148 aedificandum,
622 2069 659 2130 ut
686 2065 783 2130 tectis
812 2066 919 2150 saepti
940 2065 1067 2151 frigora
1090 2088 1140 2130 ea-

119 2156 274 2239 loresque
296 2155 467 2239 pellamus.
513 2153 652 2239 Magnos
675 2175 752 2218 vero
775 2175 853 2218 usus
878 2153 984 2218 adfert
1007 2154 1193 2219 edna-152

119 2242 212 2328 rigia
234 2242 391 2326 facienda,
418 2264 557 2326 quorum
581 2241 728 2306 cursibus
753 2241 1004 2327 subpeditantur
1027 2264 1140 2307 omnes

119 2331 264 2414 undique
292 2331 333 2395 ad
360 2330 464 2395 vitam
487 2330 613 2415 copiae3
642 2351 786 2414 quasque
809 2352 861 2394 res
884 2330 1139 2396 violentissimas

77 2438 107 2479 ss
120 2423 242 2484 natura
260 2419 383 2504 genuit,
407 2440 519 2483 earum
537 2419 795 2483 moderationem
812 2440 873 2483 nos
893 2419 955 2483 soli
973 2419 1141 2502 habemus,

122 2507 224 2572 maris
262 2510 360 2592 atque
396 2510 587 2590 ventorum,
623 2509 759 2591 propter
794 2506 1000 2571 nauticarum
1031 2528 1141 2570 rerum

122 2595 295 2661 scientiam
321 2594 537 2680 plurimisque
560 2595 736 2660 maritimis
759 2595 857 2659 rebus
880 2594 1019 2658 fruimur
1043 2597 1141 2677 atque

121 2685 255 2750 utimur.
292 2682 508 2748 Terrenorum
531 2683 612 2747 item
635 2683 880 2748 commodorum
904 2681 1009 2747 omnis
1034 2682 1142 2746 estin

121 2772 256 2837 homine
284 2772 479 2837 dominatus.
523 2769 595 2836 Nos
624 2770 762 2855 campis,
791 2790 852 2835 nos
876 2769 1043 2834 montibus
1065 2769 1142 2834 frui-

80 2879 108 2920 eo
122 2883 206 2944 mur,
228 2861 335 2924 nostri
359 2864 435 2925 sunt
459 2881 580 2943 amnes,
602 2859 710 2924 nostri
733 2860 833 2941 lacus,
855 2880 915 2922 nos
933 2857 1046 2943 fruges
1066 2858 1142 2922 seri-

122 2970 211 3032 mus,
240 2969 301 3012 nos
330 2949 477 3032 arbores,
503 2969 565 3012 nos
594 2969 752 3031 aquarum
779 2946 1021 3012 inductionibus
1045 2947 1142 3011 terris

122 3034 358 3102 fecunditatem
381 3037 509 3120 damus,
531 3057 592 3101 nos
616 3035 751 3100 fiumina
774 3056 934 3119 arcemus,
957 3033 1146 3119 derigimus,

122 3123 317 3208 avertimus,
344 3125 468 3189 nostris
497 3124 634 3208 denique
662 3123 813 3187 manibus
836 3123 872 3187 in
893 3145 1003 3187 rerum
1025 3126 1145 3188 natura

123 3212 220 3299 quasi
243 3212 382 3277 alteram
404 3217 558 3276 naturam
581 3212 708 3276 efficere
732 3232 896 3277 conamur.

81 3319 108 3360 ee
191 3299 276 3376 Quid
299 3301 400 3366 vero?
426 3300 598 3365 hominum
621 3300 707 3364 ratio
732 3321 800 3363 non
821 3299 856 3363 in
879 3299 1006 3365 caelum
1028 3321 1130 3383 usque
1146 3269 1197 3396 ,fg

122 3388 332 3474 penetravit?
378 3386 449 3454 Soli
477 3388 564 3452 enim
587 3410 626 3453 ex
650 3387 872 3452 animantibus
895 3410 955 3453 nos
980 3391 1145 3453 astrorum

122 3481 226 3560 ortus,
250 3477 360 3541 obitus
384 3497 563 3561 cursusque
586 3475 809 3561 cognorimus,
833 3476 875 3542 ab
898 3476 1072 3541 hominum
1092 3497 1145 3561 ge-
