2526 3880
183 165 227 231 52
494 165 543 219 DE
562 164 715 220 NATURA
732 163 887 221 DEORUM

182 309 329 395 nuntiae,
352 313 424 376 tum
447 308 516 374 sole
539 309 719 396 geminato,
744 308 839 394 quod,
861 312 900 375 ul
922 331 940 375 a
962 314 1057 396 patre
1081 311 1207 397 audivi,

183 398 346 464 Tuditano
370 402 403 463 el
423 396 559 482 Aquilio
583 397 771 463 consulibus
794 400 955 483 evenerat,
980 419 1045 484 quc
1070 399 1206 484 quidem

184 509 269 553 anno
291 486 328 553 P.
350 485 525 551 Africanus
548 485 600 550 sol
622 486 707 550 aller
730 485 891 551 exlinctus
915 489 979 571 est,
1007 487 1127 571 quibus
1151 511 1207 553 ex-

183 575 293 642 territi
318 574 467 640 heminas
496 573 563 639 vim
587 573 751 658 quandam
774 595 845 638 esse
867 574 1042 640 caelestem
1066 577 1100 640 el·
1123 573 1207 641 divi·
1259 649 1260 662 Σ

133 682 165 734 15
183 687 262 730 nam
279 662 438 748 suspicati
456 664 545 745 sunt,
569 665 721 746 quartam
739 683 871 727 causam
889 684 970 746 asse,
993 683 1130 748 eamque
1148 665 1206 730 vel
1231 677 1260 724 εῘ

184 752 370 836 maximam,
384 750 653 835 aequabilitelem
666 753 775 815 motus
789 751 1097 834 conversionumque
1109 753 1207 838 caeli,

185 841 279 925 solis,
301 841 398 905 lunae
422 838 627 923 siderumquc
650 838 796 904 omnium
818 838 1076 925 distinctionem,
1099 841 1207 907 varic

183 933 297 1012 talem,
310 926 595 1012 pulchritudinem,
609 926 768 1012 ordinem,
780 948 918 1012 quarum
929 948 1040 993 rerum
1051 933 1206 1014 aspectus

183 1018 255 1102 ipse
279 1015 361 1082 satis
383 1014 542 1080 indicaret
563 1035 631 1079 non
652 1035 723 1080 esse
747 1036 785 1079 ea
806 1014 953 1080 fortuita.
996 1014 1053 1100 Ul,
1076 1016 1107 1081 si
1130 1017 1206 1101 quis
1260 1066 1261 1104 ,

184 1105 220 1170 in
246 1104 379 1170 domum
407 1103 552 1187 aliquam
579 1104 637 1167 aut
662 1103 698 1167 in
725 1103 932 1190 gymnasium
955 1107 1013 1168 aut
1034 1103 1070 1168 in
1091 1103 1261 1170 forum1o³

100 1231 103 1240 ·
184 1193 322 1279 venerit,
343 1215 417 1258 cum
438 1191 549 1257 videat
571 1191 716 1256 omnium
736 1213 847 1256 rerum
864 1191 1037 1276 rationem,
1060 1193 1206 1279 modum,

186 1282 405 1367 disciplinam,
436 1301 503 1344 non
529 1280 637 1364 possit
663 1301 702 1344 aa
729 1278 798 1344 sine
826 1301 924 1345 causa
952 1280 1024 1345 fieri
1050 1280 1207 1366 indicare,

186 1370 244 1436 sed
266 1392 336 1436 esse
360 1369 501 1453 aliquem
523 1368 710 1454 inlellegat,
734 1367 790 1453 qui
811 1367 936 1453 praes'i
959 1371 993 1433 al
1016 1368 1068 1434 cui
1090 1392 1207 1455 parea-

186 1463 250 1544 hur,
272 1459 377 1525 mullo
400 1456 507 1543 magis
530 1456 685 1521 intentis
703 1455 904 1522 motionibus
923 1457 1090 1541 tantisque
1109 1459 1206 1524 vicis·
1261 1499 1262 1527 l

187 1547 393 1631 siludinihuS,
415 1549 485 1610 tam
507 1545 687 1609 multarum
709 1566 818 1610 rerum
841 1549 939 1629 alque
961 1547 1131 1611 tantarum
1156 1570 1207 1613 or·
1221 1541 1262 1632 ¹⁵l

188 1636 331 1721 dinibus,
358 1635 395 1699 in
422 1633 539 1718 quibus
562 1632 646 1697 nihil
669 1654 826 1717 umquam
848 1633 997 1699 inmensa
1019 1637 1053 1698 et
1074 1634 1208 1700 infinita
1261 1637 1262 1648 ³

187 1727 336 1790 vetustas
368 1722 507 1787 mentita
534 1721 592 1807 sil,
625 1724 751 1786 statuat
780 1731 911 1787 necesse
940 1725 992 1787 est
1022 1722 1064 1786 ah
1092 1723 1207 1808 aliqua

136 1789 169 1914 ,453
188 1816 298 1878 mente
325 1815 436 1876 lantes
463 1812 601 1875 naturae
629 1814 738 1874 motus
766 1809 949 1895 gubernari
1000 1807 1206 1896 Chrysippus

189 1901 334 1987 quidem,
364 1920 562 1984 quamquam
592 1901 643 1962 esl
672 1899 828 1964 acerrimo
856 1897 1009 1985 ingenio,
1030 1902 1143 1965 tamen
1168 1922 1207 1965 ea

188 1989 280 2074 dicit,
302 1991 341 2054 ul
363 1988 405 2053 ab
428 1987 502 2073 ipsa
523 1990 644 2051 natura
665 1983 829 2070 didicisse,
850 2007 918 2051 non
939 1989 977 2051 ul
999 1986 1069 2072 ipse
1090 2008 1207 2074 reppe-
1221 2007 1244 2045 20

187 2078 270 2143 risse
295 2077 453 2143 videalur.
499 2072 555 2139 ‘Si
583 2073 709 2157 enim',
736 2074 856 2160 inquil,
884 2073 963 2139 ‘cel
990 2075 1142 2159 aliquid
1165 2077 1207 2141 in

187 2187 316 2231 rerum
336 2168 490 2248 natura,
514 2163 614 2248 quod
635 2162 805 2228 hominis
823 2183 941 2247 mens,
966 2164 1207 2249 quadratio,

189 2254 289 2340 quod
316 2253 390 2338 vis,
420 2252 521 2337 quod
546 2254 726 2338 poteslas
753 2249 919 2317 humana
941 2251 1106 2317 efficere
1129 2275 1207 2318 non

187 2341 329 2429 possit,
352 2344 411 2406 est
434 2343 538 2406 carle
560 2340 611 2425 id,
635 2339 734 2424 quod
758 2339 858 2404 illud
881 2338 1026 2425 efficii,
1048 2339 1207 2406 homine

186 2431 341 2515 melius3
363 2429 474 2514 alqui
491 2449 552 2494 res
571 2429 764 2494 caelestes
784 2449 989 2512 omnesque
1008 2449 1086 2513 eae,
1110 2450 1205 2512 qua·
1219 2447 1242 2486 2⁵

188 2543 270 2586 rum
298 2523 357 2584 est
384 2517 476 2584 crdo
505 2517 780 2602 sempiternus,
808 2516 857 2581 ab
880 2514 1034 2581 homine
1057 2517 1207 2584 confici

187 2631 263 2675 non
293 2610 472 2693 possun’q
504 2608 563 2670 est
590 2605 715 2692 igilur
745 2605 798 2690 id,
830 2625 852 2669 a
879 2626 951 2689 quo
978 2604 1054 2670 ille
1080 2606 1206 2670 confi-

188 2698 358 2781 ciuntur,
380 2694 536 2760 homine
559 2694 708 2759 melius.
743 2691 787 2756 Id
810 2697 938 2758 aulem
962 2693 1052 2779 quid
1070 2693 1205 2778 polius

189 2784 335 2851 dixeris
366 2806 476 2869 quam
505 2782 636 2848 deum?
680 2781 836 2847 Etenim
866 2782 898 2847 si
929 2781 966 2845 di
992 2803 1071 2846 non
1097 2786 1205 2867 sunt,

189 2873 281 2958 quid
309 2893 393 2938 esse
419 2875 551 2958 potest
573 2871 612 2935 in
634 2893 761 2935 rerum
783 2874 928 2935 natura
950 2868 1105 2935 homine
1128 2887 1243 2935 me-so

188 2961 288 3027 lius?
317 2960 357 3025 in
384 2981 426 3026 eo
456 2960 554 3025 enim
578 2959 663 3024 solo
687 2961 746 3023 est
768 2958 977 3042 rali0,qua
998 2958 1099 3023 nihil
1121 2961 1207 3036 pct-

191 3058 250 3113 est
292 3047 682 3135 essepraeslanlius.
727 3045 975 3111 Esseaulem
996 3045 1206 3132 hominem,

190 3136 255 3222 qui
283 3135 385 3201 nihil
412 3137 451 3202 in
475 3134 576 3202 omni
599 3134 736 3199 mundo
759 3134 898 3200 melius
923 3156 1142 3221 essequam
1166 3157 1207 3202 se

187 3227 315 3312 putet,
352 3223 583 3309 desipientis
616 3223 871 3310 adrogantiae
909 3227 981 3310 asl3
1021 3246 1113 3311 ergo
1146 3229 1207 3291 cst

138 3327 169 3378 1⁷
189 3313 341 3398 aliquid
367 3313 520 3397 melius,
548 3314 607 3376 esi
634 3311 760 3399 igilur
786 3312 965 3398 profecto
990 3312 1104 3378 deus?
1150 3312 1246 3378 Anu

188 3425 281 3488 varo,
312 3402 341 3467 si
369 3402 501 3467 domum
527 3421 682 3486 magnam
709 3399 943 3486 pulchramque
970 3400 1106 3486 videris,
1137 3422 1208 3468 non

189 3491 297 3580 possis
320 3489 444 3576 adduci,
466 3492 513 3576 ul,
536 3489 667 3555 etiamsi
690 3488 857 3555 dominum
878 3511 945 3555 non
962 3488 1083 3577 videas,
1106 3488 1208 3555 muri·
