2526 3880
272 165 342 221 LIB.
361 166 397 223 Π.
421 165 497 222 OAP.
516 173 630 223 42-43.
649 173 665 234 s
685 173 834 223 107-111.
876 187 877 192 ¹
1024 167 1067 232 85

58 307 297 395 Septentriones
321 314 432 376 autem
455 311 603 396 sequitur

95 415 381 502 Arctophylax,
403 417 522 503 vulgo
547 417 612 501 qui
635 417 781 482 dieitur
804 437 888 481 esse
910 414 1068 502 Bootes,

96 503 202 580 Quod
225 505 340 589 quasi
363 506 509 571 temoni
528 505 751 570 adiunctum
769 506 1068 659 priictbduaffl

66 698 156 784 Dein,
179 721 263 783 quae
287 702 476 784 sequuntur.
520 697 607 764 Huie
629 699 717 765 enim
739 697 838 765 Booti
1071 709 1122 760 110

33 822 44 859 ε
356 805 491 869 subter
513 804 745 890 praeeordia
766 804 849 869 fixa
870 805 1025 870 videtur

94 889 222 957 Stella
240 892 386 958 micans
405 892 543 978 radiis,
566 893 759 960 Arcturus
776 894 930 958 nomine
949 894 1070 968 eluro,

54 1016 139 1081 ouius
157 1017 291 1099 pedibus
314 1017 462 1082 subiecta
484 1016 589 1081 fertur

93 1120 249 1208 Spicum
281 1121 451 1187 inlustre
485 1126 622 1187 tenens
656 1122 1070 1276 splendentxpteorpore

52 1316 161 1402 Atque
187 1315 237 1381 ita
265 1315 424 1381 dimetata
452 1316 547 1403 signe
575 1318 664 1400 sunt,
691 1319 730 1381 ut
752 1315 787 1382 in
809 1233 919 1382 tantisr
925 1232 1070 1405 gdiserip-
1080 1314 1124 1380 431

24 1405 200 1470 lotionibus
226 1403 338 1470 divina
361 1405 511 1470 sollertia
534 1408 704 1490 appareat:

92 1528 144 1593 Et
166 1531 283 1593 natos
307 1526 489 1594 Geminos
513 1528 661 1594 invises
685 1527 754 1593 sub
778 1532 895 1613 eaput
917 1529 1038 1595 Arcti.

94 1615 305 1682 subiectus
328 1617 477 1682 mediae
497 1620 556 1681 est
574 1615 733 1701 Oaneer,
756 1616 997 1702 pedibusque
1015 1622 1070 1683 te·

92 1791 259 1880 Magnus
291 1791 366 1858 Leo
399 1793 608 1858 tremulam
645 1793 825 1878 quatiens
859 1710 1070 1881 deddrrpore

771 1881 980 1948 flammam.

54 1969 178 2056 Auriga

20 2091 42 2132 1⁵
94 2074 172 2141 Sub
191 2077 301 2141 laeva
316 2045 564 2140 (teminorum
582 2076 773 2142 obductus
787 2080 899 2162 purte
912 2077 1070 2144 feretur.

94 2164 312 2231 Adversum
353 2166 469 2249 eaput
509 2164 605 2230 huic
645 2164 806 2231 Helicae
845 2166 1070 2232 truculenta

94 2340 146 2405 As
170 2338 297 2427 Capra
319 2339 472 2406 laeuum
494 2362 666 2406 umerum
689 2343 796 2407 elara
819 2257 981 2408 ddteibbt.

53 2461 144 2549 Tum,
169 2486 252 2548 quae
278 2468 471 2549 sequuntur:

94 2569 237 2636 Verum
264 2570 359 2636 haee
386 2573 447 2635 est
473 2591 613 2657 magno
637 2574 752 2656 atque
775 2570 940 2635 inlustri
961 2592 1069 2655 prae·

749 2658 832 2724 dite
855 2659 980 2745 signo,

19 2761 42 2802 ¹⁰
95 2744 244 2813 Contra
275 2745 400 2812 Haedi
437 2746 618 2833 exiguum
654 2747 804 2813 iaciunt
835 2747 1069 2812 mortalibus

841 2836 980 2922 ignem.

55 2919 152 2988 cuius
176 2924 238 2988 sub
261 2922 399 3008 pedibus

96 3027 288 3116 Corniger
311 3032 371 3094 est
394 3028 526 3095 valido
550 3027 711 3094 conixus
730 3049 893 3114 eorpore
912 3029 1070 3095 Taurus.

53 3150 131 3218 Eius
154 3154 254 3238 eaput
277 3153 383 3217 stellis
407 3173 617 3238 conspersum
641 3155 692 3218 est
713 3150 953 3236 frequentibus:
1072 3166 1121 3216 111

95 3276 174 3342 Has
192 3274 332 3340 Graeci
355 3276 496 3340 stellas
515 3274 674 3360 Hyadas
696 3274 874 3340 vocitare
894 3278 1070 3360 suerunt,

21 3413 43 3453 ¹⁵
56 3401 88 3482 [a
109 3401 266 3486 pluend0;
288 3395 361 3466 ὕειν
386 3401 473 3465 enim
496 3404 547 3466 est
569 3401 695 3486 pluere]
715 3399 823 3464 nostri
840 3398 992 3484 imperite
1011 3396 1069 3464 Su·

54 3489 155 3575 eules,
182 3487 279 3576 quasi
305 3511 326 3555 a
352 3488 453 3554 subus
476 3493 599 3574 essent,
625 3510 692 3553 non
715 3486 757 3552 ab
779 3486 942 3552 imbribus
965 3487 1069 3552 nomi·
