2526 3880
188 165 231 230 86
499 160 549 215 DE
566 159 719 216 NATURA
737 159 893 216 DEORUM

187 312 294 374 natae.
334 306 495 372 Minorem
519 309 629 371 autern
648 303 909 390 Septentrionem
923 303 1074 391 Cepheus
1096 306 1201 391 passis

187 397 306 483 palmis
331 419 351 461 a
372 400 467 482 tergo
492 393 713 481 subsequitur:

232 520 405 605 Namque
441 519 568 604 ipsum
602 519 648 584 ad
679 522 834 605 tergum
866 517 1090 603 Cynosurae
1122 542 1203 585 ver-

870 607 971 672 titur
994 607 1115 673 Arcti.

187 718 284 783 Huno
308 713 471 780 antecedit

235 822 408 886 Obscura
431 817 559 904 specie
583 817 791 883 stellarum
814 816 1026 904 Cassiepia.
1217 837 1229 877 ὅ

234 907 1204 994 Hancauteminlustriversaturcorporepropter
1256 917 1257 940 ³

234 994 479 1062 Andromeda
506 993 713 1081 aufugiens
741 999 941 1080 aspectum
968 1000 1118 1098 maesta
1142 1021 1205 1083 pa-

234 1171 334 1238 Huic
356 1172 486 1257 Equus
509 1171 580 1236 ille
603 1171 733 1236 iubam
756 1172 936 1256 quatiens
959 1088 1116 1260 fdigdise
1139 1174 1205 1239 mi·
1257 1154 1258 1230 f

236 1348 427 1416 Summum
467 1347 666 1435 contingit
708 1353 825 1434 caput
860 1350 966 1452 alvo,
1008 1266 1205 1435 dionlibque

236 1525 319 1593 Una
346 1526 455 1590 tenet
478 1524 654 1608 duplices
678 1525 867 1592 communi
890 1460 1259 1609 luniibiegefiiimas1⁰1

235 1615 447 1680 Aeternum
465 1634 508 1678 ex
527 1614 649 1678 astris
670 1615 829 1700 cupiens
843 1619 1044 1681 conectere
1058 1617 1205 1682 nodum.

235 1703 335 1770 Exin
356 1701 552 1768 contortis
575 1700 689 1766 Aries
713 1725 795 1768 oum
819 1704 1001 1769 cornibus
1023 1703 1176 1788 haeret3

192 1849 288 1913 quem
310 1827 446 1912 propter

235 1933 381 2016 Pisces,
396 1954 556 2016 quorum
571 1901 673 1996 alter
686 1932 844 2017 paulum
857 1933 1104 2016 praelabitur
1119 1937 1206 2000 ante
1259 1977 1260 1980 =

235 2021 285 2086 Et
308 2021 430 2106 magis
448 2019 657 2085 horriferis
677 2020 873 2104 aquilonis
893 2021 1073 2106 tangitur
1091 2022 1206 2088 auris.
1220 2037 1239 2077 1⁵

139 2118 258 2246 ffiAd
280 2143 378 2230 pedes
402 2142 629 2209 Andromedae
651 2142 789 2220 Perseus
813 2141 1020 2229 describitur,

236 2267 352 2345 Quem
385 2288 529 2332 summa
552 2265 598 2331 ab
625 2266 786 2351 regione
815 2267 1015 2350 aquilonis
1042 2266 1208 2334 flamina

112 2463 114 2469 ·
236 2444 354 2512 Ouius
383 2447 548 2528 propter
574 2443 728 2508 laevum
756 2464 877 2530 genus
905 2356 1208 2530 orririilsebntparte

235 2622 383 2688 Parvae
406 2618 609 2707 Vergilias
632 2620 740 2685 tenui
762 2643 845 2685 cum
867 2534 1139 2689 luceldiodbitiiss.

235 2710 327 2776 Inde
346 2708 459 2774 Fides
482 2708 615 2793 posita
638 2712 676 2774 et
698 2709 840 2774 leviter
859 2731 1026 2775 convexa
1044 2710 1240 2776 videturu

235 2799 328 2864 Inde
352 2801 411 2862 est
435 2797 515 2861 ales
540 2795 636 2861 Avis
659 2797 741 2862 lato
765 2798 834 2862 sub
857 2797 1025 2884 tegmine
1048 2799 1160 2864 caeli.

192 2921 302 3009 Capiti
325 2924 435 2986 autem
454 2919 542 3005 Equi
565 2919 714 3005 proxima
737 2923 787 2984 est
806 2919 945 3006 Aquarii
969 2920 1084 2987 dextra
1107 2927 1210 2989 totus
1258 2936 1260 3010 j

194 3032 256 3098 que
279 3009 431 3093 deinceps
455 3007 631 3112 Aquarius.
1259 3017 1260 3020 ¹

237 3133 330 3198 'l’um
364 3131 537 3218 gelidum
566 3131 697 3197 valido
727 3130 771 3196 de
800 3133 959 3217 pectore
988 3132 1119 3220 frigus
1150 3157 1210 3201 an·

236 3306 408 3392 Corpore
426 3306 608 3373 semifero
623 3328 761 3394 magno
776 3220 1211 3396 Capricornhuislirildrbm
1223 3327 1243 3366 ἢ

236 3395 355 3470 Quem
378 3417 461 3461 cum
484 3399 673 3480 perpetuo
696 3395 862 3461 vestivit
884 3396 1029 3462 lumine
1052 3398 1184 3486 Titan,

235 3481 598 3550 Brumaliflectens
612 3485 1035 3570 contorquettempore
1049 3508 1212 3555 currum
