2528 3880
192 151 257 216 322
555 152 605 207 DE
623 153 672 207 RE
689 153 846 209 PUBLICA

192 318 253 380 que
276 317 342 382 eos,
364 296 482 382 quibus
505 303 556 362 est
578 297 793 382 praepositus,
815 320 912 381 qnam
931 297 1058 382 optima
1074 295 1110 360 in
1127 317 1200 360 oon·

191 384 316 450 dicione
339 384 476 469 vivendi,
501 407 578 450 sane
600 386 731 470 bonum,
753 390 791 450 nt
813 387 887 467 dixi,
909 385 957 449 rei
979 385 1129 470 publicae
1149 405 1200 469 ge

189 494 265 556 uua,
293 473 350 538 sed
376 478 487 538 tamen
513 473 704 538 inclinatum
733 477 766 538 et
789 474 883 558 qnasi
904 495 1044 558 pronum
1067 473 1107 535 ad
1132 493 1201 556 per·

139 576 172 625 48
190 560 443 626 nioiosissimnm
470 565 603 626 statum.
648 559 753 626 Simul
780 565 877 646 atque
905 561 991 625 enim
1018 582 1054 625 se
1075 559 1202 624 inflexit

189 648 243 714 hio
265 671 320 713 rex
342 649 377 713 in
400 650 602 715 dominatum
620 649 832 732 iniustiorem,
853 650 893 713 fit
915 648 1070 714 continno
1092 652 1201 732 tyran·
1223 666 1234 704 ⁵

189 759 265 821 nus,
293 759 356 822 quo
379 760 483 821 neque
506 737 643 802 taetrius
666 759 769 821 neque
791 737 916 803 foedius
938 759 998 801 nee
1026 736 1076 800 dis
1098 735 1202 800 homi-

189 852 217 904 p.
236 827 285 906 29]
308 823 476 911 nibuslque
499 825 635 891 invisius
656 826 778 889 animal
795 826 899 889 ullum
917 824 1057 909 eogitari
1078 827 1202 908 potest3

190 913 246 996 qui
269 935 466 997 quamquam
487 914 595 999 figura
617 917 667 978 est
688 913 845 995 hominis,
868 934 995 976 morum
1021 917 1137 976 tamen
1157 912 1201 975 in·

189 1000 348 1064 monitate
374 1002 578 1065 vastissimas
605 1001 707 1066 vincit
734 1001 857 1066 beluas.
903 999 983 1076 Quis
1007 1001 1093 1064 enim
1117 1000 1200 1064 huno
1248 1071 1249 1082 ἢ

188 1088 354 1152 hominem
380 1089 443 1153 rite
467 1089 598 1173 dixerit,
626 1091 681 1173 qui
704 1089 769 1153 sibi
791 1111 863 1154 eum
886 1089 953 1152 suis
977 1088 1119 1172 nivibus,
1148 1088 1200 1171 qui
1213 1083 1249 1164 1⁰}

189 1176 327 1260 denique
349 1199 423 1241 oum
444 1177 532 1242 omni
549 1177 719 1242 hominum
737 1197 854 1260 genere
872 1177 999 1241 nullam
1017 1176 1098 1240 iuris
1119 1198 1200 1242 oom-
1248 1183 1249 1226 t

190 1264 385 1346 munionem,
407 1266 532 1329 nullam
554 1265 769 1330 humanitatis
788 1265 979 1330 societatem
998 1264 1103 1329 velit?
1142 1263 1200 1328 Sed
1248 1227 1249 1294 t

189 1352 251 1416 erit
278 1352 340 1416 hoo
368 1353 407 1418 da
434 1374 551 1438 genere
579 1354 675 1417 nobis
702 1353 786 1417 alius
815 1353 923 1438 aptior
952 1352 1081 1416 dicendi
1103 1353 1201 1434 loeus,

188 1468 217 1520 p.
236 1442 284 1521 30]
308 1463 380 1505 eum
407 1463 461 1505 res
486 1441 560 1526 ipsa
588 1438 814 1526 admonuterit,
840 1445 878 1505 ut
904 1441 941 1504 in
967 1462 1024 1505 eos
1048 1441 1200 1520 dieamus,

190 1529 245 1612 qui
274 1529 373 1593 etiam
399 1529 540 1594 liberata
565 1529 632 1593 iam
661 1529 793 1594 civitate
817 1529 1055 1594 dominationes
1080 1528 1232 1614 adpeti-1⁵

191 1621 316 1680 verunt.

261 1704 400 1768 Habetis
429 1705 531 1790 igitur
557 1705 699 1790 primum
726 1709 834 1769 ortum
860 1703 1006 1789 tyranni3
1037 1726 1117 1769 nam
1142 1707 1202 1767 hoo

191 1813 311 1856 nomen
328 1791 444 1858 Graeci
465 1793 553 1878 regis
576 1793 689 1858 iniusti
712 1815 783 1857 esse
800 1793 987 1876 voluerunt;
1009 1793 1119 1857 nostri
1137 1791 1200 1876 qui·

188 1879 262 1944 dem
294 1901 405 1944 omnes
433 1902 527 1965 reges
555 1881 793 1964 vocitavenmt,
826 1881 882 1965 qui
909 1880 973 1946 soli
999 1879 1035 1943 in
1062 1880 1199 1965 populos

187 1973 378 2052 perpetuam
409 1972 607 2053 potestatem
639 1969 805 2033 haberent
854 1968 969 2052 Itaque
1002 1972 1037 2032 et
1065 1965 1228 2053 Spurium

189 2053 321 2120 Cassius
345 2059 377 2119 et
394 2055 438 2120 M.
455 2056 598 2121 Manlius
621 2061 655 2121 et
673 2054 809 2141 Spurius
827 2056 966 2121 Maelius
989 2077 1131 2140 regnum
1153 2076 1198 2120 oo

136 1676 178 1738 27

136 1757 170 1803 49

188 2165 306 2227 cupane
328 2143 470 2208 voluisse
494 2144 573 2210 dieti
591 2149 677 2230 sunt,
700 2147 733 2208 et
750 2145 847 2210 modo
868 2145 935 2210 Tu.
954 2144 1130 2211 Gracchus.
1144 2192 1152 2209 .
1165 2191 1192 2209 ..

136 2380 178 2443 28
435 2284 675 2365 [Desiderantur
691 2286 828 2368 popinae
849 2286 951 2366 dom]

136 2458 170 2505 50
189 2437 217 2488 p.
237 2410 302 2490 135]
376 2407 621 2490 ...Mauryas
643 2407 802 2490 γέροντας
823 2407 1070 2474 Lacedaemone
1095 2408 1197 2495 appel-

190 2497 285 2580 lavit,
316 2495 414 2560 nimis
445 2496 474 2559 is
507 2494 636 2579 quidem
665 2517 800 2580 paucos,
830 2514 957 2580 xxvln,
988 2519 1071 2581 quos
1104 2516 1197 2581 penes
1248 2523 1249 2584 3

190 2606 351 2649 summam
378 2583 506 2648 consilii
532 2583 637 2648 voluit
664 2605 748 2666 esse,
780 2605 853 2648 oum
879 2583 1011 2669 imperii
1039 2591 1249 2650 summane}

139 2673 143 2684 '
189 2694 246 2736 rex
268 2675 407 2754 teneret3
430 2693 468 2735 ex
492 2693 556 2755 quo
578 2670 685 2735 nostri
707 2670 791 2734 idem
814 2671 897 2735 illud
916 2673 1021 2737 secuti
1040 2678 1140 2757 atque
1156 2673 1198 2736 in·

189 2759 375 2844 terpretati‚
409 2780 490 2843 quos
522 2780 614 2823 senes
642 2758 698 2822 ille
726 2758 919 2843 appellavit,
950 2761 1197 2826 nominaverint

190 2850 378 2928 senatum,
409 2850 446 2910 ut
476 2846 543 2910 iam
569 2846 746 2910 Romulum
778 2847 927 2930 patribus
958 2848 1055 2914 leotis
1088 2849 1197 2914 fecisse
1248 2867 1249 2920 i

190 2935 342 3017 diximus3
373 2937 484 2998 tamen
516 2934 645 2999 excellit
678 2938 776 3018 atquo
808 2934 929 3000 eminet
957 2936 1023 3020 vis,
1055 2939 1196 3021 potestas

188 3044 369 3106 nomenque
397 3021 533 3106 regium.
578 3020 703 3106 Inperti
731 3022 830 3086 etiam
852 3023 975 3109 populo
999 3023 1174 3108 potestatis
1191 3019 1249 3110 {³⁰}

189 3138 216 3188 p.
237 3112 302 3189 136]
327 3109 462 3193 aliquid,
489 3111 527 3172 ut
554 3112 587 3173 et
609 3109 778 3195 Lyeurgus
802 3114 835 3174 et
856 3109 1033 3196 Romulus3
1060 3135 1129 3177 non
1154 3132 1197 3174 sa-

189 3197 283 3260 tiaris
311 3219 385 3261 eum
411 3197 580 3280 libertate,
610 3197 667 3261 sed
693 3197 871 3262 incenderis
901 3199 1082 3284 cupiditate
1108 3200 1196 3264 liber-
1248 3269 1249 3274 η

189 3284 283 3367 tatis,
308 3307 382 3349 eum
404 3287 534 3348 tantum
556 3284 652 3348 modo
676 3289 873 3370 potestatem
896 3288 1054 3373 gustandi
1076 3286 1196 3365 feeeris;
1248 3317 1249 3368 3

188 3371 246 3435 ille
277 3371 406 3454 quidem
438 3393 565 3456 semper
592 3371 781 3456 inpendebit
807 3374 921 3458 timor,
947 3397 989 3440 ne
1017 3397 1090 3460 rex,
1118 3371 1196 3459 qnod
1248 3391 1249 3434 3

189 3458 380 3542 plerumque
399 3459 516 3542 evenit,
535 3459 672 3524 exsistat
689 3460 838 3527 iniustus.
874 3462 936 3528 Est
956 3463 1061 3550 igitur
1074 3460 1195 3548 fragilis
1206 3473 1227 3512 ³⁵
