2590 3880
194 135 271 190 XXX
502 131 714 187 ADNOTATIO
734 130 887 186 ORITICA.

194 292 279 346 guero
302 274 394 329 solent
416 274 488 340 edd,
513 272 593 342 quasi
615 272 702 327 verba
723 280 756 328 ut
777 290 926 343 numquam
947 304 982 314 -
1003 272 1147 342 pendeant
1168 289 1204 328 ex
1287 263 1288 312 3

193 347 251 400 illis
269 347 302 400 iu
318 363 374 400 uuo
392 347 449 400 siat
466 351 559 399 cetera.
579 375 613 384 -
630 342 660 396 P.
675 350 735 398 330.
751 349 767 398 5
785 347 917 398 iatueudo
934 343 1049 412 Maehly
1067 344 1203 398 Zeitachr.

194 417 212 471 f.
233 417 258 470 d.
274 417 306 472 G.
324 416 369 469 W.
390 420 458 470 1867
477 433 504 484 p.
524 420 575 469 813
586 431 636 482 sq,
654 417 822 469 instituendo
841 414 901 468 cod.
917 414 946 467 et
959 413 1022 468 edd.
1042 445 1076 454 -
1094 413 1126 468 P.
1141 421 1203 470 330.

195 495 228 543 13
247 494 277 543 ct
293 489 385 542 interi.
401 485 473 539 ‘cod
487 486 561 538 teste
574 483 649 538 Maio
664 484 709 553 (de
728 501 784 552 qua
797 484 936 554 scriptura
948 485 1028 538 tacet
1039 483 1084 537 Du
1097 484 1203 554 Rieu)',

193 558 285 613 Halm.
300 588 334 600 ·-
354 559 382 611 Ρ.
401 562 462 610 332.
482 563 497 610 7
518 555 699 622 similiorem,
718 571 904 623 quamquem
922 554 1007 624 vulgo
1030 557 1203 624 comparant,

194 631 300 696 locum,
328 626 406 681 Lact.
431 626 466 680 do
489 625 556 695 opit.
580 625 627 680 dei
649 631 673 679 3.
700 632 776 693 1-3,
800 626 898 679 attulit
919 625 1024 695 Haupt.
1046 625 1141 680 Herm.
1165 627 1204 681 lV

196 707 246 755 143
265 703 320 769 (op.
339 698 380 752 III
398 702 449 751 458
464 699 524 766 aa),
547 695 674 750 Ambros.
699 695 734 749 do
758 712 872 750 excessu
893 695 985 764 Satyri
1003 697 1029 749 II
1047 702 1094 750 21:
1129 696 1205 766 Quid

194 773 266 826 caim
278 770 356 823 mobis
373 769 511 834 mismius,
530 769 578 837 aui
596 773 733 836 tamquam
750 769 862 836 spoliati
879 772 904 821 et
921 769 992 821 audi
1004 768 1159 835 proiciam
1172 770 1205 822 iu
1288 817 1289 822 ,

193 843 265 898 tamo
291 839 390 905 aitam',
418 854 527 908 corpore
548 839 659 908 scopeli,
686 839 766 892 eorde
792 839 910 904 lubrico,
937 838 1069 892 imbecillo
1100 840 1203 906 auimo,

193 913 275 967 aucit
297 912 335 964 ad
356 910 567 975 sollicitudines,
592 909 723 962 desidiosi
744 909 782 963 ad
804 909 920 975 labores,
943 910 1029 977 promi
1050 909 1088 963 ad
1108 909 1204 978 volup·

194 980 280 1037 tates?
303 1011 336 1021 -
359 978 390 1032 P.
415 985 528 1033 332.19
550 980 707 1033 incohatum
731 977 784 1031 ‘sic
806 978 973 1047 scripturam
994 979 1151 1034 iaclmatum
1173 979 1204 1032 in

194 1052 255 1107 cod.
274 1067 310 1104 m.
325 1056 341 1105 2
360 1049 449 1118 signis
468 1048 606 1118 appositis
625 1049 802 1102 emendatam
821 1047 912 1102 videri
930 1048 972 1102 ait
984 1048 1050 1116 Mai,
1069 1047 1114 1102 Du
1132 1049 1203 1104 Rieu

177 1125 289 1182 ‚tamen
312 1136 346 1175 ca
368 1118 493 1189 conspici
514 1120 621 1188 negat’,
639 1119 730 1172 Halm.
751 1149 785 1160 -
807 1119 837 1172 P.
856 1125 917 1172 333.
937 1126 1004 1187 seq.
1026 1135 1069 1174 res
1086 1149 1123 1160 -
1140 1137 1203 1176 cou-
1289 1153 1290 1166 .

194 1194 337 1248 mmueuda
354 1191 522 1260 parentheta
538 1189 601 1244 visa
625 1190 691 1242 sunt
713 1189 825 1243 Baitero
847 1189 960 1242 Halmio
983 1191 1109 1258 auctore,
1132 1189 1203 1244 mihi
1289 1231 1290 1236 .

194 1279 252 1317 non
273 1262 385 1331 integra
406 1260 544 1315 videntur.
569 1291 603 1301 -
624 1258 657 1314 P.
680 1266 740 1314 334.
764 1267 781 1313 4
804 1262 876 1329 quod
899 1259 959 1313 cod.
983 1261 1013 1314 et
1031 1259 1103 1327 edd,
1127 1262 1203 1329 quod

194 1333 309 1403 nisipro
319 1338 382 1402 qamt
396 1331 532 1412 scriptum
545 1331 663 1412 statuas,
676 1330 780 1395 nescio,
794 1347 849 1397 quo
863 1331 948 1384 modo
961 1329 1090 1410 intellegi
1103 1331 1201 1399 possit.

194 1405 255 1458 Hoc
278 1402 374 1458 Cicero
396 1402 509 1456 v1detur
531 1401 637 1454 d1cere:
674 1401 743 1455 ‘Tot
769 1401 971 1456 laudandorum
999 1403 1146 1454 civitatum
1173 1401 1203 1454 in

137 1497 139 1507 ·
195 1474 320 1544 singulas
334 1472 358 1526 ai
372 1471 497 1542 singulos
510 1487 697 1552 immoremur,
721 1472 825 1539 quanta
847 1471 1003 1541 reperiatur
1024 1471 1199 1526 multitudot’

195 1546 242 1601 Sic
264 1543 423 1599 institutam
453 1543 621 1597 orationem:
655 1543 727 1610 Quot
749 1548 814 1596 sunt
841 1543 998 1597 laudaadac
1025 1544 1147 1598 civitates
1173 1543 1202 1596 in

194 1618 268 1671 huno
286 1614 402 1669 modum
418 1613 550 1683 persequi
568 1612 700 1667 debebat:
728 1618 779 1678 tot,
802 1614 828 1666 si
844 1614 967 1683 stapulas
982 1629 1154 1669 sumeremus
1171 1616 1203 1668 ia

194 1689 331 1758 stapulas,
350 1687 406 1740 oiri
422 1686 588 1749 eaeclleutes3
608 1682 670 1749 sed,
689 1682 821 1750 quoniam
838 1683 909 1736 haec
926 1682 1012 1736 verba
1033 1682 1201 1738 inseruerat:
1290 1683 1291 1756 J

267 1759 324 1812 iam
342 1787 375 1796 -
398 1771 452 1810 esse
474 1757 621 1820 diuturna,
643 1753 765 1820 quodam
787 1753 870 1806 modo
891 1769 909 1806 a
927 1770 1009 1806 eursu
1027 1752 1149 1808 deflexit.
1169 1785 1192 1796 -
1290 1761 1291 1802 5

221 1871 226 1883 .
242 1834 301 1882 334.
318 1833 350 1880 12
361 1843 401 1893 sq.
415 1826 554 1880 &suriae
568 1823 628 1878 cod.
644 1824 672 1877 et
686 1823 762 1890 edd.;
781 1840 807 1877 v.
823 1823 899 1892 adp.
916 1828 974 1878 158.
990 1830 1032 1877 21.
1047 1855 1082 1864 -
1094 1825 1127 1880 P.
1141 1831 1200 1880 334.

196 1906 229 1955 16
245 1915 285 1967 sq.
303 1898 448 1952 eumdum
464 1912 528 1951 mom
546 1894 659 1960 101011,
677 1893 767 1949 Halm.
787 1924 821 1934 -
839 1893 869 1948 P.
889 1900 949 1948 334.
963 1902 995 1948 31
1016 1898 1202 1965 respoeideatis

197 1971 226 2024 ‘4
245 1968 325 2025 codd.
344 1966 495 2033 Vaticani',
515 1964 654 2028 Bacchei,
674 1964 773 2031 Halm,
792 1963 865 2018 Bait.
884 1996 918 2004 —
936 1963 966 2018 Ρ.
987 1971 1046 2020 335.
1062 1973 1096 2019 32
1115 1967 1203 2035 Atqui

195 2040 252 2107 all,
270 2038 343 2092 Bait.
362 2069 396 2078 -
414 2036 446 2091 P.
465 2042 574 2091 33612
593 2042 685 2090 totam
703 2037 733 2089 ct
749 2037 889 2090 utilitatis
907 2034 988 2102 Non,
1006 2042 1064 2090 tota
1078 2067 1111 2077 -
1125 2039 1201 2092 utili·

194 2118 263 2167 tatcs
281 2107 337 2163 (lic.
352 2107 415 2162 edd.
435 2139 468 2148 —
486 2106 517 2161 P.
537 2113 597 2161 336.
616 2112 649 2160 37
667 2105 830 2176 [Aeppptic]
848 2104 959 2160 Osanno
978 2107 1092 2161 auctore
1110 2107 1200 2161 Halm.
1291 2109 1292 2130 .

196 2184 226 2236 et
243 2179 315 2233 Bait.
335 2209 369 2219 -
391 2177 422 2230 P.
446 2185 506 2233 337.
530 2182 564 2231 26
587 2178 713 2244 facimus
737 2177 934 2246 ‘expectasset'
960 2175 1070 2244 Osann,
1090 2177 1204 2248 scripsit

194 2251 282 2316 Bait.;
306 2248 420 2317 obliqua
442 2246 531 2302 oratio
556 2248 612 2311 est3
637 2263 663 2299 v.
687 2246 773 2316 adp.
799 2252 840 2301 16.
859 2254 901 2301 31.
921 2277 955 2287 -
978 2248 1008 2300 P.
1032 2253 1092 2302 338.
1112 2255 1146 2303 26
1160 2266 1201 2316 sq.

196 2323 377 2392 amplectetur
404 2335 465 2385 ser,
489 2319 660 2388 amplectitur
687 2315 763 2386 vulg.
788 2347 821 2358 -
843 2316 875 2371 P.
898 2324 958 2372 340.
983 2324 998 2372 7
1026 2317 1202 2373 scribendum

196 2393 310 2448 videtur
328 2388 526 2470 perumtmdef.
542 2406 570 2458 p.
586 2395 645 2442 313.
662 2392 702 2440 18.
717 2418 750 2428 -
769 2386 799 2441 P.
814 2393 873 2442 340.
890 2393 923 2442 13
940 2405 1027 2443 uuum
1045 2395 1092 2443 est
1108 2405 1202 2443 ueces-

196 2463 268 2518 sario
283 2460 460 2516 scrrberrdum
473 2459 634 2525 visumst,
649 2464 714 2512 esset
727 2457 788 2512 cod.
803 2459 833 2510 et
846 2457 922 2524 edd.;
942 2458 976 2511 cf.
990 2475 1018 2527 p.
1034 2464 1093 2512 181.
1111 2467 1152 2515 12.
1168 2491 1202 2501 -

195 2535 224 2588 P.
240 2539 299 2588 341.
314 2539 330 2585 2
354 2531 389 2585 Ut
401 2529 552 2596 Heinrich,
567 2528 623 2596 all,
637 2529 677 2582 Et
696 2528 766 2594 eod,
784 2527 885 2595 Halm,
903 2527 973 2581 Bait
994 2559 1028 2568 —
1046 2527 1076 2582 P.
1091 2536 1151 2585 341.
1167 2537 1201 2584 32

196 2612 284 2660 autem
298 2619 367 2658 eum
380 2599 453 2653 Bait.
468 2631 501 2641 —
516 2599 546 2653 P.
560 2604 621 2653 345.
636 2606 670 2653 27
688 2600 797 2668 parique
810 2597 870 2652 cod.
889 2597 963 2652 Mon.
981 2597 1099 2664 Halmii,
1118 2598 1202 2654 Dom-

195 2676 275 2742 bart,
295 2674 440 2743 auperipue
463 2671 539 2738 vulg.
563 2700 597 2710 -
624 2669 655 2722 P.
678 2674 739 2723 345.
764 2674 797 2722 35
821 2671 888 2738 qaia
910 2668 1000 2736 codd,
1023 2668 1131 2738 Domb,
1155 2672 1203 2741 qui

195 2746 296 2812 Halm,
310 2743 382 2797 Bait.
398 2773 431 2782 -
445 2740 476 2794 P.
491 2747 551 2795 347.
567 2746 600 2793 10
613 2740 663 2794 loc
677 2739 736 2793 cod.
751 2737 823 2792 Med.
838 2755 911 2792 man.
927 2746 950 2806 1,
964 2741 1109 2810 taecllec)
1124 2758 1162 2796 m.
1176 2748 1201 2808 2,
1291 2761 1292 2764 ¹

195 2817 271 2884 vulg.
291 2845 326 2856 -
344 2813 375 2868 P.
395 2817 454 2868 348.
474 2817 490 2865 8
508 2810 612 2865 Baiter.
632 2808 792 2892 ‘idd'ffli
811 2810 875 2863 inst.
895 2809 951 2864 div.
969 2809 996 2863 V
1014 2816 1055 2864 22.
1072 2818 1087 2864 7
1106 2811 1203 2867 Iustus

195 2879 1204 3024 12⁰.‚3.⁸33⁶l⁸a.1232titillatam?tttttdttttt
1291 2925 1292 2992 ³

197 3029 312 3097 larpitas
334 3042 397 3080 ocos
418 3024 491 3077 Bait.
515 3053 548 3064 -
571 3021 602 3075 P.
626 3026 686 3077 348.
710 3027 744 3076 26
759 3037 799 3089 sq.
822 3024 915 3076 sedeas
936 3023 983 3076 ille
1000 3021 1071 3076 Non.
1094 3040 1122 3091 p.
1141 3029 1206 3092 522,
1291 3079 1292 3082 ,

196 3098 242 3151 ille
260 3099 353 3151 sedeas
374 3113 401 3165 p.
421 3099 464 3161 68,
488 3092 550 3148 edd.
571 3091 626 3146 Cic.
645 3122 680 3134 -
702 3090 732 3145 P.
752 3098 812 3146 351.
832 3094 973 3162 opopuli,
993 3099 1018 3147 et
1036 3092 1156 3147 Strelitz.
1175 3112 1201 3162 p.
1291 3111 1292 3120 .

197 3172 239 3231 81,
258 3167 357 3236 populi
378 3167 424 3233 det
446 3165 516 3232 cod,
535 3165 641 3234 populi.
674 3162 721 3218 Set
746 3163 813 3232 (sed)
836 3162 936 3230 Halm,
960 3161 1042 3229 Bait,
1055 3166 1203 3234 papulam·

196 3239 242 3293 sed
260 3239 310 3290 aut
327 3242 352 3291 et
369 3235 416 3290 all.
437 3267 470 3276 —
488 3236 518 3291 P.
538 3240 598 3291 351.
620 3239 652 3288 12
671 3236 738 3300 (non
756 3236 783 3301 9)
802 3236 956 3302 optumatis
975 3233 1044 3303 eod,
1061 3233 1153 3290 Halm.
1169 3265 1190 3276 -

196 3308 226 3363 P.
247 3313 306 3363 351.
327 3312 359 3360 18
378 3308 492 3374 fortasse
509 3305 600 3361 Halm.
620 3322 647 3374 p.
667 3310 727 3370 926,
745 3306 833 3372 fortas
851 3305 921 3370 cod,
942 3321 1030 3384 repam
1050 3305 1123 3372 sore,
1146 3307 1203 3360 iam

195 3377 298 3443 Madv,
317 3376 417 3441 Halm,
436 3376 508 3432 Bait.
529 3407 562 3417 —
585 3375 615 3431 P.
635 3381 695 3430 352.
716 3381 750 3429 14
773 3373 845 3430 Bait.
865 3375 928 3430 add.
947 3373 1076 3430 Vmcent.
1095 3374 1202 3432 Bellov.

197 3465 270 3519 spec.
289 3446 356 3504 hist.
375 3446 475 3503 11193.
495 3477 529 3488 -
552 3448 582 3503 P.
606 3453 666 3502 352.
688 3452 720 3501 16
738 3444 825 3501 Altos
843 3446 960 3500 Athonis
973 3446 1093 3512 protulit
1111 3445 1203 3502 (licere
