2630 3890
202 147 267 213 196
552 145 601 200 oa
620 145 865 201 orvruerroua

201 283 1216 438 ttatmttttttfttttctatattttttdta

200 437 216 496 ς
236 431 365 498 12-21),
389 430 419 484 et
441 445 507 483 vero
531 427 661 482 inutilem
682 427 843 482 hominibus
867 442 928 482 esse
946 426 1102 482 futurarum
1119 443 1213 482 rerum

201 499 349 556 scientiam
368 502 439 572 (cap.
455 507 471 554 9
490 502 644 567 §aa—24),
664 500 694 553 et
712 497 787 567 quod
805 497 901 552 dicant
917 497 994 551 mala
1011 498 1105 552 omnia
1122 497 1160 552 ad
1173 497 1213 552 fe-

200 571 318 626 rendum
331 569 440 625 leviora
453 569 512 624 fore
526 569 608 623 rebus
623 567 727 623 divinis
741 568 907 640 procuratis,
920 567 993 622 nihil
1002 568 1033 622 id
1043 584 1112 635 esse,
1126 568 1213 637 quod,

201 641 227 696 si
244 640 318 696 nihil
335 641 386 695 fiat
404 642 482 696 extra
499 639 597 706 fatum,
615 638 687 692 nihil
705 638 795 694 levari
813 655 843 693 re
862 637 959 693 divina
976 637 1067 708 possit
1085 643 1156 709 (cap.
1178 645 1213 694 10

200 717 274 779 525,
293 715 348 780 26).
380 710 520 780 Deinceps
540 709 651 780 singula
669 708 851 764 divinationis
870 725 981 778 genera,
1000 725 1070 778 quac
1088 712 1162 779 (cap.
1178 715 1210 764 11

201 789 278 850 526,
298 784 343 852 2³1)
363 780 454 835 denuo
473 780 603 850 partitur,
623 779 745 834 refutare
765 779 935 850 adgreditur.
971 779 1012 833 Ac
1032 780 1067 834 de
1084 778 1212 850 haruspi-

201 851 266 907 cina
284 851 398 921 quidem
416 851 556 922 disputat,
581 850 611 903 id
630 852 674 904 est
692 849 727 905 de
746 850 817 904 extis
837 854 908 920 (cap.
930 857 1033 906 12—16
1052 856 1068 916 ξ
1086 853 1211 920 28-37),

201 924 236 978 de
255 922 413 991 fulguribus
432 924 477 990 (ca
498 965 504 979 .
525 927 628 976 17-21
648 927 662 986 ς
680 925 805 990 38-49),
825 920 860 976 de
879 919 996 975 ostentis
1015 923 1086 1003 (cap.
1106 927 1212 977 22—32

201 996 359 1060 §tt-69).
397 940 504 1047 Deinrle
528 992 679 1057 monstrat,
705 1007 789 1060 quam
813 1007 887 1046 vana
909 990 967 1045 sint
988 990 1115 1062 ausprcia
1140 996 1211 1062 (cap.

201 1068 307 1118 33-40
326 1067 481 1133 §to—84).
513 1062 583 1116 Tum
602 1061 636 1116 de
655 1061 777 1116 sortibus
795 1061 856 1131 agit
873 1064 945 1132 (cap.
964 1067 999 1117 41
1019 1065 1164 1130 §ao-8⁷)
1183 1064 1214 1117 et

201 1134 237 1188 de
257 1131 461 1188 Chaldaeorum
474 1131 714 1203 praedictionibus
728 1132 906 1202 astrologicis
921 1148 1071 1200 earumque
1084 1131 1212 1188 vanitate

201 1207 274 1285 (cap.
293 1210 400 1259 42-47
419 1206 573 1273 §87-99).
607 1201 683 1266 Quae
702 1203 811 1272 reliqua
829 1205 895 1257 sunt
913 1202 968 1257 duo
986 1201 1122 1258 naturalis
1141 1203 1212 1257 divi·

200 1274 325 1330 nationis
348 1291 453 1344 genera
475 1277 545 1344 (cap.
565 1281 599 1329 48
618 1280 633 1339 ξ
653 1276 727 1344 100),
752 1273 873 1328 alterum
896 1271 1096 1328 *raedictionis
1119 1272 1213 1329 furore

201 1345 324 1413 quodam
346 1348 443 1411 natae,
472 1362 527 1413 quo
550 1343 636 1399 etiam
659 1342 793 1398 librorum
816 1291 1017 1413 Sibyllinorum
1039 1342 1213 1413 aliorumque

202 1417 378 1497 oraculorum
396 1417 486 1470 sortes
505 1417 535 1469 et
552 1414 690 1469 vaticinia
707 1413 794 1469 refert
811 1419 881 1485 (cap.
896 1420 1036 1495 49-175
1052 1418 1212 1495 101-118),

200 1485 705 1625 tfflffirtttttatttt
720 1483 1214 1625 tussltdftltttraltttt:

201 1627 398 1697 perstitionem
416 1643 477 1682 esse
496 1625 620 1696 graviter
637 1625 772 1680 admonet
789 1628 861 1696 (cap.
881 1632 915 1681 '12
934 1631 949 1692 ὅ
969 1628 1128 1696 148-150).

167 1854 186 1920 l
268 1872 444 1950 Quaerenti
457 1874 539 1938 mihi
553 1875 756 1959 multumque
770 1877 804 1938 et
818 1873 872 1938 diu
887 1873 1055 1960 cogitanti,
1073 1897 1215 1960 quanam

168 1933 181 1983 ¹
202 1985 237 2028 re
260 1985 391 2048 possem
413 1963 566 2048 prodesse
590 1960 875 2048 quamplurimis,
899 1982 940 2026 ne
964 1962 1091 2046 quando
1115 1963 1215 2028 inter-

202 2052 366 2116 mitterem
389 2052 556 2116 consulere
579 2051 627 2115 rei
648 2051 807 2136 publicae,
829 2049 921 2114 nulla
943 2050 1048 2115 maior
1071 2072 1216 2118 occurre

202 2141 275 2224 bat,
303 2161 401 2225 quam
429 2139 458 2203 si
485 2139 683 2225 optimarum
710 2139 831 2203 artium
853 2138 923 2202 vias
946 2138 1109 2204 traderem
1132 2141 1215 2206 meis

203 2228 341 2311 civibus3
364 2226 450 2311 quod
473 2227 682 2311 conpluribus
705 2227 771 2292 iarn
794 2225 887 2291 libris
908 2247 960 2291 me
979 2226 1122 2292 arbitror
1140 2250 1215 2293 con·
1243 2245 1256 2286 ⁵

203 2320 358 2382 secutum.
402 2313 491 2380 Nam
521 2319 554 2380 et
583 2315 747 2381 cohortati
777 2315 911 2398 sumus,'
930 2317 967 2378 ut
994 2315 1134 2381 maxime
1158 2338 1216 2402 po-

202 2405 340 2488 tuimus,
372 2404 414 2468 ad
445 2403 673 2489 philosophiae
706 2403 849 2468 studium
881 2423 919 2468 eo
949 2403 1048 2487 libro,
1081 2403 1137 2488 qui
1164 2409 1217 2469 est

201 2493 377 2578 inscriptus
405 2492 613 2575 Hortensius,
641 2495 687 2575 et,
717 2491 803 2575 quod
831 2512 931 2578 genus
960 2491 1216 2578 philosophandi

202 2581 335 2652 minime
363 2581 526 2667 adrogans
554 2580 756 2664 maximeque
784 2583 817 2644 et
844 2582 997 2645 constans
1025 2583 1058 2644 et
1080 2581 1215 2667 elegans

203 2669 451 2752 arbitraremur,
479 2671 634 2752 quattuor
658 2667 860 2733 Academicis
885 2667 980 2732 libris
1002 2669 1215 2734 ostendimus.
1231 2687 1258 2728 ιο

167 2771 184 2820 2
204 2758 350 2842 Cumque
378 2756 626 2821 fundamentum
654 2759 741 2821 esset
762 2756 990 2842 philosophiae
1012 2756 1157 2841 positum
1179 2759 1214 2822 in

203 2846 321 2911 finibus
344 2845 505 2910 bonorum
525 2844 747 2931 etmalorum,
769 2849 987 2931 perpurgatus
1007 2847 1057 2909 est
1074 2845 1103 2910 is
1122 2847 1214 2911 locus

203 2956 223 2998 a
249 2933 344 2998 nobis
373 2933 514 3018 quinque
541 2932 650 3016 libris,
678 2936 729 3016 ut,
757 2931 834 3016 quid
861 2954 881 2998 a
909 2953 1049 3017 quoque,
1080 2934 1215 3019 etquid

203 3024 317 3085 contra
341 3043 499 3106 quemque
522 3019 755 3106 philosophum
779 3019 947 3106 diceretur,
969 3021 1119 3108 intellegi
1141 3044 1215 3108 pos·

203 3112 263 3172 set
295 3108 445 3174 Totidem
468 3109 632 3175 subsecuti
651 3109 728 3173 libri
746 3108 1002 3174 Tusculanarum
1022 3109 1215 3195 disputatio
1232 3128 1257 3169 rs

202 3216 281 3260 num
304 3218 356 3261 res
380 3197 421 3261 ad
442 3197 538 3262 beate
560 3196 733 3263 vivendum
756 3197 895 3263 maxime
917 3198 1117 3263 necessarias
1142 3221 1215 3284 ape·

202 3286 346 3348 ruerunt.
391 3285 520 3350 Primus
558 3285 644 3350 enirn
681 3288 732 3349 est
763 3285 802 3349 de
834 3285 1068 3351 contemnenda
1099 3291 1216 3372 morte,

204 3371 361 3436 secundus
385 3371 423 3436 de
446 3373 615 3439 tolerando
639 3372 759 3459 dolore,
783 3373 822 3438 de
845 3374 1047 3460 aegritudine
1065 3375 1216 3442 lenienda

89 3471 96 3486 ·
202 3459 335 3543 tertius,
367 3464 501 3543 quartus
535 3462 573 3526 de
604 3461 739 3546 reliquis
770 3461 872 3532 animi
903 3462 1216 3547 perturbationibus,
