2610 3894
343 115 411 174 ΜΒ.
430 116 478 174 111.
504 115 581 172 caP.
601 121 715 184 10-13.
734 119 749 168 a
767 118 883 169 ao-aa.
1053 111 1117 176 117

105 259 217 325 dirimi
245 259 423 326 distrahive
449 282 516 326 non
542 258 656 345 possit.
701 256 847 342 Cumque
875 278 969 322 omne
995 255 1118 322 animal

105 348 280 434 patibilem
305 352 458 414 naturam
484 348 619 432 habeat,
647 347 776 411 nullum
803 348 855 410 est
877 367 1002 436 eprum,
1032 345 1118 428 quod

106 437 245 522 effugiat
276 436 452 522 aecipiendi
484 435 608 520 aliquid
640 435 853 518 extrinsecus,
883 433 917 498 id
947 435 997 498 est
1025 432 1120 516 quasi

105 525 233 589 ferendi
255 529 288 589 et
310 525 468 610 patiendi,
494 523 736 606 necessitatem,
758 526 804 606 et,
828 523 857 587 si
879 542 973 586 omne
997 521 1118 585 animal

80 613 175 677 atale
199 617 260 697 est,
281 612 456 679 inmortale
477 613 606 678 nullum
629 615 687 676 est.
722 611 814 695 Ergo
831 609 954 694 itidem,
977 609 1006 674 si
1024 629 1119 674 omne

108 701 232 766 animal
259 702 362 767 secari
386 723 424 766 ae
447 700 547 765 dividi
569 703 692 785 potest,
714 699 843 764 nullum
866 701 916 763 est
939 719 1051 762 eorum
1073 697 1120 761 in·

108 789 289 874 dividuum,
320 791 448 855 nullum
476 792 657 871 aeternum,
689 787 781 873 atqui
808 809 903 852 omne
930 785 1051 851 animal
1079 784 1121 850 ad

108 877 330 962 accipiendam
352 877 419 943 vim
443 880 610 942 externam
633 879 667 940 et
688 875 859 941 ferundam
881 878 1034 960 paratum
1057 877 1121 957 est3

9 1017 10 1020 ,
107 966 250 1031 mortale
267 965 370 1052 igitur
388 987 483 1032 omne
502 965 623 1030 animal
642 967 676 1029 et
695 963 885 1028 dissolubile
905 966 938 1028 et
954 961 1121 1026 dividuum

68 1075 93 1114 ιο
108 1053 155 1118 sit
176 1075 306 1120 neeesse
330 1057 389 1119 est.
424 1053 472 1119 Ut
495 1053 591 1137 enirn,
613 1052 642 1116 si
661 1052 766 1117 omnis
785 1073 860 1116 aera
877 1050 1120 1116 commutabilis
1138 1063 1173 1112 30

109 1146 206 1226 esset,
227 1141 311 1207 nihil
334 1147 421 1208 esset
441 1163 577 1224 cereum,
601 1141 687 1224 quod
705 1139 898 1205 commutari
915 1160 982 1205 non
999 1141 1121 1224 posset,

107 1231 190 1296 item
212 1230 296 1295 nihil
319 1234 525 1317 argenteum,
547 1228 631 1293 nihil
655 1234 803 1311 a'e'neum,
826 1228 855 1292 si
878 1227 1120 1293 commutabilis

9 1373 13 1388 .
109 1322 198 1384 esset
214 1323 334 1384 natura
352 1318 481 1405 argenti
499 1322 532 1384 et
551 1317 648 1382 aeris:
668 1316 820 1381 similiter
837 1316 948 1402 igitur,
967 1316 995 1380 si
1011 1315 1122 1380 omnia

110 1409 208 1492 [quae
232 1410 332 1492 sunt]‚
355 1429 372 1472 e
391 1407 509 1492 quibus
528 1408 644 1472 ouneta
661 1407 822 1487 constant,
844 1403 1018 1469 mutabilia
1036 1407 1122 1487 sunt,

69 1517 94 1558 1⁵
108 1495 238 1560 nullum
269 1517 386 1580 eorpus
414 1516 484 1561 esse
515 1497 626 1580 potest
651 1515 718 1558 non
745 1492 917 1577 mutabile,
949 1492 1122 1557 mutabilia

109 1587 221 1648 autem
248 1587 325 1648 sunt
346 1584 420 1668 illa,
449 1605 487 1648 ex
511 1582 628 1667 quibus
652 1581 762 1646 omnia
785 1583 945 1664 constant,
967 1583 1005 1645 ut
1027 1580 1121 1647 vobis

108 1671 251 1756 videtur3
274 1693 368 1738 omne
391 1671 493 1758 igitur
516 1691 633 1756 eorpus
651 1669 810 1735 mutabile
828 1672 887 1734 est.
923 1667 971 1733 At
988 1667 1017 1734 si
1036 1672 1123 1734 esset

8 1759 10 1808 J
110 1781 228 1845 eorpus
257 1759 390 1844 aliquod
415 1760 603 1843 inmortale,
629 1780 696 1824 non
723 1760 810 1823 esset
833 1779 927 1822 omne
950 1757 1123 1842 mutabile3

8 1847 9 1858 ’
108 1849 158 1913 ita
190 1848 342 1933 efficitur,
373 1852 412 1913 ut
443 1869 538 1913 omne
569 1868 686 1932 eorpus
718 1846 858 1912 mortale
888 1845 940 1910 sit.
989 1845 1123 1911 Etenim

70 1958 96 1998 ao
111 1950 207 2002 omne
236 1958 354 2022 eorpus
382 1939 439 2001 aut
469 1957 554 2020 aqua
583 1939 641 2000 aut
671 1939 726 2000 aer
754 1938 812 2000 aut
837 1934 925 2021 ignis
954 1938 1010 1999 aut
1033 1938 1123 2000 terra

110 2029 162 2090 est
186 2028 243 2090 aut
264 2025 312 2110 id,
340 2024 427 2109 quod
449 2028 500 2090 est
522 2027 709 2090 oonoretum
732 2045 771 2088 ex
793 2023 845 2088 his
869 2026 926 2088 aut
950 2023 1123 2107 exaliqua

110 2117 206 2198 parte
233 2135 358 2198 eorum,
389 2112 507 2179 horum
534 2116 643 2177 autem
665 2111 748 2177 nihil
776 2114 841 2196 est,
868 2111 946 2195 quin
972 2111 1121 2176 intereat.

109 2199 199 2266 Nam
221 2205 255 2267 et
276 2205 441 2267 terrenum
465 2222 559 2266 omne
582 2200 746 2284 dividitur,
768 2205 802 2267 et
824 2221 918 2265 umor
940 2199 991 2265 ita
1011 2200 1121 2265 mollis
1141 2211 1172 2260 31

111 2294 175 2374 est,
204 2293 242 2354 ut
270 2288 366 2356 faoile
393 2290 498 2375 premi
525 2288 708 2372 conlidique
730 2288 849 2373 possit;
879 2287 967 2374 ignia
987 2309 1066 2353 vero
1089 2292 1123 2353 et

70 2398 96 2439 aa
111 2383 168 2443 a'e‘r
200 2378 289 2444 omni
320 2379 417 2463 pulsu
447 2377 603 2443 laeillime
634 2377 770 2462 pellitur
797 2380 979 2461 naturaque
1006 2375 1122 2442 cedens

111 2469 163 2531 est
184 2488 336 2531 maxume
354 2469 388 2531 et
406 2465 625 2552 dissupabilis.
661 2465 897 2550 Praetereaque
915 2463 1025 2528 omnia
1041 2463 1123 2530 haee

109 2558 183 2620 tum
209 2555 386 2639 intereunt,
418 2576 491 2621 oum
518 2555 553 2619 in
578 2557 731 2619 naturam
758 2553 858 2618 aliam
880 2553 1123 2634 convertuntur,

112 2643 200 2727 quod
226 2643 277 2726 fit,
305 2664 378 2709 oum
405 2646 494 2708 terra
520 2643 556 2707 in
583 2664 702 2726 aquam
729 2663 764 2707 se
786 2641 900 2724 vertit,
931 2643 1061 2705 etcum
1084 2661 1123 2704 ex

112 2754 198 2817 aqua
222 2731 326 2796 oritur
349 2737 414 2816 atr,
437 2753 476 2796 ex
499 2736 573 2796 aere
596 2731 718 2815 aether,
740 2751 876 2814 eumque
899 2726 1011 2793 eadem
1029 2727 1123 2794 vicis-

70 2837 96 2880 ao
112 2819 175 2884 sim
202 2822 290 2886 retro
316 2823 507 2886 commeant.
553 2817 675 2894 Quodsi
698 2840 737 2884 ea
758 2818 936 2900 intereunt,
963 2816 1122 2900 equibus

111 2910 242 2974 constat
261 2929 356 2974 omne
374 2908 505 2992 animal,
523 2908 651 2973 nullum
670 2910 721 2972 est
739 2906 861 2971 animal
880 2903 1175 3020 sempiternum.13

110 2996 157 3062 Et
178 2999 216 3062 ut
237 2995 319 3062 haee
342 2997 542 3079 omittamus,
564 2999 675 3062 tamen
699 2994 821 3061 animal
838 2994 966 3059 nullum
983 2991 1122 3059 inveniri
1140 3033 1175 3081 3,

110 3088 231 3170 potest,
256 3085 344 3170 quod
364 3105 469 3170 neque
490 3088 606 3150 natum
628 3105 783 3168 umquam
806 3082 850 3147 sit
873 3085 906 3147 et
929 3102 1056 3166 semper
1078 3081 1124 3146 sit

109 3173 267 3240 futurum.
303 3172 407 3239 Omne
430 3172 515 3238 enim
539 3173 660 3238 animal
679 3193 792 3236 sensus
811 3169 924 3254 habet,
947 3169 1047 3235 sentit
1064 3168 1124 3256 igi-

70 3280 96 3321 ³⁵
111 3266 167 3328 tur
190 3266 223 3327 et
246 3261 353 3330 calida
375 3264 409 3328 et
430 3260 552 3347 frigida
574 3265 608 3326 et
631 3259 738 3326 dulcia
756 3262 789 3325 et
807 3281 919 3325 amara
936 3279 995 3323 neo
1013 3262 1124 3344 potest

110 3351 181 3417 ullo
212 3371 309 3418 sensu
335 3349 475 3416 iucunda
502 3349 658 3435 accipere,
686 3370 754 3414 non
780 3347 924 3432 accipere
947 3346 1124 3431 eontraria3

111 3439 141 3505 si
163 3439 267 3526 igitur
288 3437 468 3525 voluptatis
492 3459 622 3503 sensum
645 3437 741 3523 capit,
765 3435 886 3504 doloris
905 3435 1004 3502 etiam
1023 3435 1124 3520 oapit3
