2630 3890
360 145 427 200 ΜΒ.
445 145 481 201 Π.
505 145 582 200 cap.
601 153 715 201 ss-ss.
738 153 753 212 s
773 153 886 201 ro-sr.
1063 147 1129 210 225

118 293 209 354 vetat
231 293 378 374 spectare
400 288 580 373 fortunam,
606 290 682 355 dum
705 294 889 375 praestetur
910 290 999 355 fides.
1039 290 1128 356 Aves

117 399 195 442 vero
231 381 260 443 si
290 399 464 462 prosperos
498 382 632 443 eventus
666 379 889 462 ostenderunt,
921 383 1008 444 certe
1038 379 1129 443 fefel·
1215 378 1226 386 ”

115 467 236 530 lerunt.
268 464 368 551 Fugit
390 487 408 530 e
430 466 555 550 proelio
579 488 652 532 cum
669 467 839 552 Pompei03
863 488 962 553 grave
984 470 1127 551 tempus!

69 631 71 637 Ι
117 553 277 618 Discessit
302 555 343 618 ab
367 575 419 637 e03
447 554 595 619 luctuosa
617 556 683 620 res!
718 554 890 620 Caesarem
914 556 1026 620 eodem
1049 559 1129 620 tem·

89 663 196 726 sporo
227 642 357 707 hostem
389 646 422 707 ct
453 641 617 728 hospitem
648 643 743 726 vidit,
775 643 852 729 quid
883 643 945 709 hoc
977 643 1127 708 tristius?

116 729 149 794 Is
182 752 255 795 cum
286 731 317 794 ei
344 729 555 796 Trocmorum
585 731 787 796 tetrarchian
815 731 987 815 eripuisset
1014 735 1047 796 et
1074 731 1128 796 ad·
1235 801 1236 804 ,

117 818 245 883 seculae
273 840 331 883 suo
354 819 557 905 Pergameno
583 821 690 884 nescio
718 820 770 885 cui
797 819 939 884 dedisset
962 820 1127 905 eidemque

117 907 311 971 detraxisset
342 906 532 972 Armeniam
564 930 584 972 a
615 911 730 972 senatu
763 908 887 993 datam,
921 930 1057 992 cumque
1085 909 1126 974 ab

118 1017 156 1060 eo
183 996 516 1081 magnificentissumo
539 996 684 1080 hospitio
708 1000 858 1082 acceptus
883 1000 981 1080 esset,
1009 997 1128 1082 spolia·

78 1106 103 1143 ιο
117 1087 189 1147 tum
215 1083 348 1167 reliquit
376 1087 409 1147 et
436 1083 601 1168 hospitem
629 1087 662 1148 et
689 1105 723 1148 re
749 1106 808 1149 em.
853 1082 916 1149 Sed
943 1085 1037 1150 labor
1060 1086 1128 1151 lon·

118 1171 206 1258 gius3
235 1171 276 1236 ad
303 1171 509 1257 propositum
536 1176 689 1237 revertar.
725 1105 765 1236 {i
792 1176 909 1237 eventa
934 1173 1128 1258 quaerimus,

119 1281 201 1343 quae
229 1260 440 1343 exquiruntur
464 1261 592 1344 avibus,
618 1261 710 1324 nullo
735 1261 830 1325 modo
853 1283 1011 1346 prospera
1033 1261 1128 1327 Deio·

116 1352 205 1431 tar03
229 1348 280 1412 sin
303 1347 419 1431 officia,
443 1371 462 1412 a
485 1349 607 1413 virtute
624 1349 737 1433 ipsius,
758 1371 825 1413 non
844 1349 885 1413 ab
905 1349 1056 1434 auspiciis
1075 1373 1128 1436 pe·

117 1436 181 1500 tite
213 1439 298 1500 sunt.
348 1436 470 1501 Omitte
502 1437 605 1522 igitur
636 1437 754 1501 lituum
786 1437 934 1520 Romuli,
966 1460 1062 1522 quem
1094 1439 1128 1504 in
1137 1421 1182 1546 ἰῇ

77 1545 102 1585 1⁵
116 1524 259 1589 maximo
290 1525 438 1590 incendio
466 1547 567 1610 negas
595 1525 741 1610 potuisse
767 1526 927 1610 comburi3
959 1530 1128 1592 contemne

117 1616 223 1678 cotem
251 1612 325 1677 Atti
352 1611 459 1678 Navii.
504 1613 596 1677 Nihil
628 1613 724 1678 debet
756 1635 826 1678 esse
858 1615 893 1678 in
919 1615 1129 1700 philosophia

117 1702 351 1766 commenticiis
370 1701 501 1766 fabellis
520 1701 597 1785 loci,
615 1701 697 1766 illud
715 1706 786 1766 erat
803 1702 991 1787 philosophi
1009 1704 1129 1788 potius,

116 1790 220 1854 totius
248 1790 376 1875 augurii
399 1790 540 1875 primum
562 1793 714 1854 naturam
737 1791 843 1874 ipsam
866 1791 987 1875 videre,
1015 1792 1128 1857 deinde

119 1878 350 1962 inventionem,
373 1877 487 1942 deinde
511 1878 737 1944 constantiam.
775 1877 863 1953 Quae
887 1882 937 1943 est
954 1880 1057 1965 igitur
1074 1903 1129 1945 na·

76 1988 103 2027 so
117 1971 206 2049 tura,
231 1988 312 2050 quae
334 1967 476 2031 volucris
499 1966 563 2031 huo
585 1971 619 2032 et
640 1967 720 2031 illuc
741 1967 864 2051 passim
887 1969 1040 2054 vagantis
1064 1969 1129 2033 effi·

118 2055 184 2120 ciat
210 2057 248 2118 ut
275 2055 459 2140 significent
486 2055 610 2140 aliquid
637 2058 670 2119 et
693 2059 764 2119 tum
786 2059 898 2119 vetent
921 2077 1031 2142 agere,
1058 2061 1129 2122 tum

116 2143 252 2208 iubeant
270 2147 327 2207 aut
346 2146 443 2207 cantu
462 2147 519 2207 aut
537 2143 672 2208 volatu?
695 2147 878 2208 curantem
897 2145 971 2209 aliis
991 2167 1011 2209 a
1027 2146 1129 2228 laeva,

118 2231 192 2296 aliis
221 2253 241 2295 a
269 2231 383 2295 dextra
411 2230 523 2295 datum
547 2236 597 2295 est
620 2232 734 2296 avibus
758 2235 795 2295 ut
817 2236 926 2297 ratum
950 2233 1129 2318 auspicium

116 2321 223 2384 facere
254 2319 403 2404 possint?
444 2318 513 2394 Quo
543 2320 639 2385 modo
672 2324 780 2384 autem
807 2320 888 2385 haec
916 2324 973 2384 aut
1001 2321 1128 2405 quando

77 2426 103 2466 2⁵
119 2411 176 2472 aut
199 2429 219 2471 a
242 2408 358 2492 quibus
379 2407 512 2473 inventa
534 2408 698 2472 dicemus?
730 2407 862 2473 Etrusci
878 2413 989 2473 tamen
1006 2409 1129 2473 habent

118 2499 286 2560 exaratum
300 2518 437 2580 puerum
451 2500 616 2562 auctorem
632 2496 821 2582 disciplinae
836 2518 926 2579 suae,
939 2518 999 2560 nos
1011 2498 1128 2580 quem?

118 2584 276 2648 Attumne
294 2582 460 2650 Navium?
492 2584 539 2648 At
562 2585 687 2668 aliquot
711 2585 804 2649 annis
829 2585 993 2669 antiquior
1011 2584 1129 2649 Romu·

117 2674 167 2737 lus
191 2675 224 2738 st
242 2673 372 2756 Remus,
397 2673 494 2738 ambo
518 2695 666 2758 augures,
688 2676 726 2737 ut
749 2673 939 2757 accepimus.
978 2672 1032 2736 An
1049 2672 1129 2737 Pisi-

118 2760 232 2824 darum
262 2765 320 2825 aut
346 2760 485 2827 Cilicum
515 2765 572 2825 aut
598 2760 767 2846 Phrygum
794 2762 860 2824 ista
887 2761 1021 2825 inventa
1049 2761 1129 2826 dice·

78 2868 104 2908 so
117 2849 212 2913 mus?
247 2849 360 2914 Placet
382 2850 484 2934 igitur
505 2849 720 2914 humanitatis
744 2849 885 2934 expertis
908 2848 1028 2914 habore
1052 2849 1129 2916 divi·

118 2937 232 3001 nitatis
256 2940 425 3003 auctores?
1139 2988 1181 3052 39

185 3025 232 3089 At
251 3048 362 3091 omnes
380 3048 483 3112 reges,
505 3027 627 3111 populi,
644 3027 794 3090 nationes
813 3029 950 3090 utuntur
968 3026 1129 3111 auspiciis.
1148 3067 1180 3115 81

119 3112 220 3189 Quasi
241 3136 318 3178 vero
343 3115 515 3199 quicquam
535 3116 578 3178 sit
596 3119 666 3178 tam
684 3114 779 3178 valde
799 3136 896 3197 quam
913 3114 996 3179 nihil
1016 3136 1129 3199 sapere

119 3203 264 3288 vulgare,
288 3206 345 3266 aut
369 3203 462 3286 quasi
484 3203 546 3266 tibi
569 3203 633 3286 ipsi
655 3203 690 3267 in
712 3203 881 3266 iudicando
900 3203 1029 3286 placeat
1048 3204 1129 3268 mul-

77 3308 103 3348 ss
119 3290 239 3355 titudo!
266 3289 393 3365 Quotus
412 3291 547 3374 quisque
567 3295 625 3374 est,
646 3290 702 3374 qui
720 3290 923 3375 voluptatem
941 3295 1041 3376 neget
1058 3313 1129 3357 esse

116 3378 261 3443 bonum?
284 3378 431 3463 plerique
451 3377 550 3441 etiam
569 3400 731 3442 summum
749 3379 871 3443 bonum
890 3379 1010 3445 dicunt.
1040 3379 1128 3443 Num

117 3467 221 3552 igitur
248 3488 359 3531 eorum
386 3466 570 3550 frequentia
593 3464 693 3532 Stoici
721 3467 759 3532 de
783 3469 945 3532 sententia
969 3468 1129 3532 deterren-

172 3578 316 3622 oroma
879 3575 911 3625 15
