2610 3894
172 185 217 250 92
483 183 533 238 na
552 159 876 238 urrunnnaoaun

173 330 311 394 levatur.
347 329 443 395 Basis
468 332 576 394 autem
599 328 767 413 trianguli,
791 350 887 412 quem
911 328 1056 393 efficiunt
1079 349 1187 414 grues,

173 440 212 482 ea
230 422 398 502 tamquam
419 441 438 482 a
455 418 558 502 puppi
576 417 682 482 ventis
701 417 882 500 adiuvatur,
900 438 1020 501 eaeque
1037 417 1073 480 in
1090 420 1186 502 tergo
1293 459 1294 508 ,

172 506 435 590 praevolantium
467 507 552 571 colla
584 508 618 570 et
649 505 759 590 capita
787 508 962 590 reponunt,
995 505 1082 589 quod
1109 505 1187 588 quia

172 595 243 678 ipse
267 594 331 658 dux
353 594 460 659 facere
482 615 549 658 non
571 596 691 678 potest,
714 593 791 678 quia
813 593 1006 676 nonhabet,
1028 591 1085 657 ubi
1103 592 1186 656 nita·
1293 613 1294 616 ’

173 685 241 766 tur,
268 683 409 766 revolat,
436 684 475 747 ut
496 681 567 765 ipsc
590 702 718 764 quoquo
742 681 900 765 quiescat,
927 682 963 745 in
985 680 1053 744 eius
1077 680 1187 745 locum
1213 699 1226 740 s

174 770 316 835 succedit
339 791 378 834 ex
400 769 454 853 iis,
480 791 562 853 quae
586 769 793 853 adquierunt,
817 791 917 852 eaque
939 769 1129 834 vicissitudo
1152 767 1188 832 in

121 874 173 922 126
189 858 278 923 omni
305 879 401 922 cursu
428 860 647 923 conservatur.
696 856 804 923 Multa
820 857 898 922 eius
926 857 1015 922 modi
1041 856 1187 940 proferre
1293 923 1294 928 ,

173 967 317 1031 possum,
339 946 396 1010 sed
415 967 516 1032 genus
534 946 644 1031 ipsum
661 945 788 1010 videtis.
823 944 895 1010 Iam
913 967 990 1010 vero
1008 945 1068 1009 illa
1087 945 1188 1010 etiam

173 1034 316 1117 notiora,
350 1038 472 1117 quanto
506 1055 540 1098 ss
573 1055 669 1118 opere
701 1033 887 1098 custodiant
919 1032 1056 1117 bestiae,
1087 1036 1126 1098 ut
1152 1032 1187 1096 in

119 1126 165 1192 50
173 1124 272 1207 pastu
295 1122 573 1206 circumspectent,
595 1121 690 1186 utin
712 1121 873 1186 cubilibus
897 1121 1091 1186 delitiscant.
1128 1120 1187 1185 At·
1201 1138 1227 1179 ro
1293 1117 1294 1158 l

175 1231 237 1294 que
259 1210 319 1275 illa
341 1211 513 1293 mirabilia,
537 1210 624 1294 quod
647 1207 700 1294 (ea
718 1231 800 1295 quae
817 1231 930 1293 nuper,
953 1209 987 1273 id
1005 1212 1056 1274 est
1074 1209 1186 1294 paucis

175 1301 252 1363 ante
280 1299 408 1382 saeclis,
436 1298 633 1363 medicorum
655 1298 796 1383 ingeniis
818 1301 949 1382 reperta
972 1295 1061 1384 sunt)
1084 1297 1187 1362 vomi-

173 1387 264 1451 tione
294 1407 403 1471 canes,
432 1390 611 1472 purgantes
642 1389 752 1450 autem
783 1385 875 1450 alvos
902 1386 973 1450 ibes
1002 1384 1188 1470 Aegyptiae

174 1478 338 1540 curantur,
349 1474 509 1539 Auditum
545 1478 596 1538 est
627 1473 817 1558 pantheras,
853 1495 936 1557 quae
967 1474 1003 1537 in
1033 1474 1189 1538 barbaria

173 1567 335 1629 venenata
353 1585 448 1627 carne
467 1564 667 1647 caperentur,
685 1561 862 1626 remedium
881 1562 1043 1646 quoddam
1057 1560 1188 1646 habere,
1202 1579 1229 1620 1⁵

175 1673 239 1735 quo
263 1672 336 1715 cum
359 1655 468 1715 essent
490 1672 583 1735 usae,
609 1672 676 1714 non
699 1653 916 1733 morerentur3
939 1671 1053 1734 capras
1077 1654 1188 1714 autem

173 1739 208 1803 in
232 1737 330 1804 Creta
352 1739 448 1822 feras,
471 1760 546 1804 cum
569 1741 677 1802 essent
696 1737 839 1802 confixae
857 1738 1025 1803 venenatis
1045 1739 1188 1825 sagittis,

173 1826 311 1891 herbam
325 1849 488 1911 quaerere,
508 1847 590 1910 quac
604 1826 786 1890 dictamnus
800 1830 980 1910 vocaretur,
1002 1849 1099 1911 quam
1113 1848 1188 1892 cum

122 1931 173 1979 127
185 1915 417 2001 gustavissent,
440 1915 579 2000 sagittas
603 1914 747 1978 excidere
769 1914 879 1979 dicunt
897 1936 915 1979 e
933 1936 1077 1999 corpore.
1113 1913 1188 1980 Cer·
1293 1945 1294 1974 r

174 2025 298 2087 vaeque
320 2004 420 2087 paulo
438 2007 515 2067 ante
533 2005 664 2087 partum
682 2006 885 2088 perpurgant
903 2024 938 2067 se
956 2003 1097 2086 quadam
1115 2003 1187 2068 her·
1202 2021 1229 2062 ac

174 2091 262 2176 bula,
286 2113 369 2174 quae
393 2090 504 2156 seselis
529 2091 654 2156 dicitur.
690 2090 761 2156 lam
784 2091 843 2155 illa
866 2091 1036 2173 cernimus,
1057 2095 1096 2156 ut
1114 2113 1187 2157 con-

175 2185 229 2245 tra
255 2179 322 2244 vim
350 2183 383 2244 ct
409 2183 534 2243 metum
562 2180 628 2243 suis
653 2200 687 2244 se
711 2179 809 2243 armis
833 2201 979 2263 quaeque
1003 2178 1188 2264 defendant,

176 2267 327 2333 cornibus
346 2267 442 2352 tauri,
461 2268 533 2351 apri
551 2267 711 2352 dentibus,
730 2289 841 2332 morsu
859 2267 982 2351 leones3
1005 2267 1089 2332 aliae
1106 2267 1189 2354 fuga

176 2378 225 2441 se,
262 2356 345 2421 aliae
378 2355 594 2420 occultatione
624 2358 788 2439 tutantur,
825 2355 1000 2420 atramenti
1032 2355 1188 2421 cffirsione
1293 2379 1294 2410 ³

176 2445 299 2529 sepiae,
329 2446 461 2528 torpore
490 2443 691 2528 torpedines,
721 2444 845 2509 multae
872 2443 973 2508 etiam
994 2443 1186 2509 insectantis
1201 2461 1228 2501 2⁵

177 2533 285 2598 odoris
308 2531 508 2597 intolerabili
530 2531 687 2596 foeditate
710 2531 884 2616 depellunt.

121 2620 164 2687 51
242 2620 290 2686 Ut
321 2641 398 2686 vero
430 2623 605 2706 perpetuus
637 2619 749 2684 mundi
776 2622 863 2684 esset
889 2624 1036 2704 ornatus,
1067 2640 1188 2706 magna

177 2709 325 2774 adhibita
357 2731 435 2774 cura
461 2712 512 2773 est
539 2731 559 2773 a
584 2707 790 2792 providentia
817 2707 963 2793 deorum,
994 2713 1032 2773 ut
1060 2729 1188 2793 semper

177 2801 287 2862 essent
318 2800 351 2861 et
377 2796 558 2862 bestiarum
588 2817 708 2882 genera
734 2800 768 2860 et
795 2796 949 2860 arborum
979 2796 1187 2880 omniumque

176 2907 298 2968 rerum,
332 2907 413 2969 quae
445 2907 466 2951 a
496 2888 585 2948 terra
612 2883 769 2968 stirpibus
798 2883 1048 2949 continerentur.
1098 2881 1187 2959 Quae
1201 2902 1228 2941 ³0

124 3029 127 3033 .
177 2972 307 3057 quidem
336 2973 445 3038 omnia
472 2994 544 3036 eam
566 2971 633 3037 vim
657 2971 789 3036 seminis
811 2971 935 3036 habent
956 2971 992 3037 in
1014 2993 1065 3056 se,
1087 2975 1125 3036 ut
1148 2993 1188 3036 ax

175 3082 241 3124 uno
268 3062 365 3145 plura
392 3065 599 3146 generentur3
629 3059 726 3144 idque
754 3081 865 3124 semen
889 3060 1050 3124 inclusum
1076 3063 1126 3124 est
1153 3059 1188 3124 in

176 3147 303 3214 intuma
325 3151 419 3233 parte
443 3169 554 3212 earum
576 3148 744 3231 bacarum,
767 3168 849 3233 quae
873 3170 912 3212 ex
935 3169 1061 3232 quaque
1084 3147 1188 3232 stirpe

175 3236 368 3320 funduntur,
399 3236 566 3320 isdemque
598 3235 775 3300 seminibus
807 3238 841 3300 et
870 3235 1027 3300 homines
1051 3234 1188 3300 adfatim

175 3327 351 3388 vescuntur
375 3328 408 3389 et
429 3327 537 3389 terrae
561 3323 704 3388 eiusdem
728 3323 856 3411 generis
880 3323 1032 3408 stirpium
1054 3344 1187 3388 renova·
1202 3339 1227 3381 ιδ

125 3422 176 3472 128
190 3411 279 3476 tione
307 3413 507 3497 conplentur.
553 3409 638 3487 Quid
664 3412 793 3496 loquar,
821 3415 944 3496 quanta
970 3410 1054 3475 ratio
1077 3410 1113 3475 in
1134 3411 1188 3476 be·

176 3499 249 3565 stiis
273 3499 314 3564 ad
336 3503 528 3585 perpetuam
551 3500 829 3565 conservationem
853 3521 964 3565 earum
986 3499 1114 3585 generis
1133 3520 1189 3584 ap·
1293 3507 1294 3516 ’
