2630 3890
401 157 469 213 mn.
488 157 523 212 Π.
544 157 620 212 cnP.
641 163 665 226 1,
684 161 709 212 a.
727 161 744 221 ,s
763 161 841 213 1—5.
1058 156 1121 220 197

113 303 256 388 quintus
271 323 346 368 eum
368 303 475 368 locum
499 301 675 387 conplexus
699 302 758 383 est,
781 301 838 384 qui
859 303 965 366 totam
983 299 1125 386 philoso-

54 407 57 412 “
113 392 226 476 phiam
248 391 390 456 maxime
412 391 582 474 inlustrat3
610 389 704 454 docet
726 387 812 453 enim
835 389 876 453 ad
898 389 994 454 beate
1015 389 1125 454 riven-

114 481 190 564 dum
214 479 371 545 virtutem
393 501 428 546 se
450 479 524 565 ipsa
547 499 618 544 esse
641 479 837 543 contentam.
883 475 1005 553 Quibus
1028 478 1125 543 rebus
1144 494 1160 542 3

115 567 210 633 editis
243 571 310 632 tres
337 567 415 632 libri
441 566 579 653 perlecti
608 569 684 630 sunt
712 565 751 631 (16
772 568 892 630 natura
919 566 1065 651 deorum,
1091 566 1127 630 in

87 657 233 741 bquibus
259 655 365 722 omnis
389 655 457 721 eius
480 655 545 721 loci
568 653 717 739 quaestio
741 653 933 719 continetur.
978 652 1066 730 Quae
1089 658 1127 718 ut

114 745 212 831 plane
246 748 332 810 esset
362 745 588 829 cumulateque
610 743 770 827 perfecta,
797 741 836 806 de
860 742 1058 808 divinatione
1080 743 1127 806 in-

115 833 222 918 gressi
253 855 364 898 sumus
393 832 446 898 his
476 832 570 898 libris
601 831 755 916 scribere3
787 830 917 914 quibus,
946 834 984 894 ut
1014 835 1064 895 est
1091 831 1128 894 in

115 921 234 1004 animo,
257 921 296 986 de
318 921 388 986 fato
412 921 441 986 si
464 919 714 1002 adiunxerimus,
737 919 800 984 erit
820 919 946 984 abunde
964 918 1046 984 satis
1063 919 1127 984 fac-

115 1013 185 1076 tum
214 1010 278 1075 toti
305 1009 381 1075 huic
409 1009 600 1093 quaestioni.
646 1007 756 1091 Atque
784 1006 836 1072 his
859 1006 954 1072 libris
978 1008 1128 1072 adnume-

76 1114 102 1154 ιο
116 1097 209 1163 randi
239 1102 317 1164 sunt
344 1119 401 1162 sex
428 1097 467 1165 do
493 1095 697 1183 republica,
725 1117 807 1180 quos
835 1099 906 1160 tum
930 1096 1128 1181 scripsimus,

116 1209 189 1252 cum
225 1185 445 1272 gubernacula
477 1185 526 1250 rei
556 1183 707 1271 publicae
738 1184 939 1249 tenebamus.
988 1183 1128 1271 Magnus

115 1275 206 1340 locus
228 1274 519 1360 philosophiaeque
541 1272 693 1359 proprius
718 1294 737 1336 a
759 1272 911 1356 Platone,
940 1272 1129 1356 Aristotele,

116 1363 343 1448 Theophrasto
374 1366 509 1446 totaque
535 1361 827 1445 Peripateticorum
856 1360 982 1425 familia
1011 1365 1129 1426 tracta

115 1454 169 1516 tus
188 1451 359 1516 uberrime.
396 1449 482 1514 Nam
507 1450 584 1535 quid
607 1470 668 1535 ego
692 1449 731 1514 de
746 1446 979 1514 Consolatione
1002 1448 1129 1515 dicam?

76 1555 102 1596 1⁵
117 1561 200 1624 quae
222 1539 304 1604 mihi
327 1539 456 1624 quidem
478 1539 544 1624 ipsi
566 1559 645 1602 sane
668 1537 873 1622 aliquantum
897 1537 1059 1623 medetur,
1081 1559 1130 1603 ce·

116 1627 197 1693 teris
214 1628 294 1693 item
313 1628 453 1692 multum
472 1627 565 1692 illam
583 1625 791 1712 profuturam
808 1628 898 1710 puto.
934 1623 1129 1691 Interiectus

117 1719 169 1780 est
196 1716 296 1784 etiam
322 1737 426 1801 nuper
448 1715 532 1784 liber
555 1715 597 1798 is,
625 1736 723 1799 quem
747 1713 788 1779 ad
809 1717 959 1779 nostrum
982 1713 1130 1780 Atticum

117 1804 157 1868 de
185 1808 350 1870 senectute
373 1803 535 1887 misimus,
567 1803 601 1867 in
623 1802 816 1888 primisque,
849 1801 1003 1885 quoniam
1025 1802 1130 1888 philo-

75 1997 104 2036 20
117 1892 235 2046 111111
258 1888 1166 2065 llbloidilulrullfiecridupoilenlbrsffisebtoadbniddielhblr

118 2070 254 2135 stoteles
281 2069 425 2153 itemque
453 2068 713 2154 Theophrastus,
746 2067 939 2132 excellentes
967 2068 1030 2132 viri
1057 2090 1131 2134 cum

118 2157 312 2241 subtilitate,
335 2160 405 2223 tum
429 2157 531 2242 copia,
554 2178 627 2222 cum
650 2155 861 2241 philosophia
883 2155 1009 2220 dicendi
1032 2156 1132 2221 etiam

117 2250 293 2331 praecepta
316 2245 550 2328 coniunxerint,
572 2245 679 2310 nostri
700 2266 828 2329 666666
847 2244 983 2309 oratorii
1001 2244 1079 2309 libri
1097 2245 1132 2308 in

119 2334 256 2400 eundem
274 2334 434 2399 librorum
450 2355 622 2398 numerum
638 2332 798 2398 referendi
811 2331 970 2398 videntur.
997 2330 1051 2397 Ita
1064 2336 1131 2396 tres
1171 2401 1181 2418 ‚

77 2425 216 2488 2566661
238 2422 277 2488 de
301 2426 440 2507 oratore,
463 2424 599 2506 quartus
621 2421 754 2503 Brutus,
777 2421 910 2506 quintus
934 2423 1054 2485 orator.

187 2509 303 2576 Adhuc
329 2511 409 2578 haec
437 2513 546 2594 erant3
573 2510 615 2575 ad
641 2510 768 2594 reliqua
795 2508 897 2574 alacri
919 2507 1172 2576 tendebamus?

119 2598 229 2664 animo
258 2599 305 2664 sic
332 2599 454 2684 parati,
481 2603 532 2682 ut,
558 2597 623 2662 nisi
652 2620 735 2683 quae
758 2619 856 2662 causa
879 2595 1011 2681 gravior
1034 2597 1133 2661 obsti-

119 2686 225 2769 tisset,
248 2686 375 2752 nullum
397 2685 625 2771 philosophiae
644 2686 751 2752 locum
771 2707 841 2750 esse
859 2688 1055 2768 pateremur,
1078 2684 1134 2769 qui

118 2797 187 2842 non
214 2773 340 2840 Latinis
371 2774 492 2840 litteris
521 2775 718 2840 inlustratus
745 2776 882 2858 pateret.
908 2769 1020 2848 ,Quod
1048 2773 1133 2837 enim

76 2876 105 2918 ⁸⁰
120 2884 239 2928 munus
262 2863 311 2928 rei
332 2863 482 2948 publicae
506 2862 632 2930 adferre
651 2862 756 2926 maius
776 2861 933 2927 meliusve
951 2881 1134 2944 possumus,

120 2972 221 3036 quam
253 2951 283 3018 si
314 2950 466 3018 docemus
499 2954 596 3036 atque
628 2950 791 3016 erudimus
823 2949 1046 3015 iuventutem?
1081 2949 1134 3014 his

119 3038 315 3124 praesertim
338 3039 484 3106 moribus
508 3042 607 3123 atque
625 3038 836 3123 temporibus,
860 3037 977 3122 quibus
996 3036 1045 3102 ita
1060 3059 1135 3122 prc-

119 3127 217 3213 lapsa
247 3130 311 3211 est,
338 3130 376 3192 ut
405 3126 549 3192 omnium
572 3127 688 3211 opibus
710 3124 904 3191 refrenanda
927 3128 1025 3209 atque
1048 3131 1135 3192 cosr-

121 3215 224 3282 oonda
247 3214 300 3280 sit.
344 3212 414 3279 Nec
436 3237 513 3280 vero
536 3215 570 3279 id
592 3215 677 3281 effici
698 3236 795 3299 posse
818 3214 958 3297 confido,
986 3213 1072 3298 quod
1093 3223 1169 3278 ne5

78 3316 107 3358 ⁸⁵
122 3304 357 3388 postulandum
381 3303 509 3388 quidem
533 3307 592 3387 est,
614 3306 652 3368 ut
670 3324 781 3368 omnes
801 3303 1022 3368 adulescentes
1040 3324 1075 3368 se
1094 3302 1136 3367 ad

122 3389 205 3458 haec
227 3391 336 3457 studia
355 3395 555 3458 convertant.
590 3391 690 3458 Pauci
707 3391 845 3458 utinam!
870 3413 1006 3475 quorum
1025 3394 1136 3456 tamen

122 3479 217 3545 inre
239 3480 372 3566 publica
394 3481 461 3546 late
483 3483 595 3566 patere
618 3480 741 3565 poterit
761 3479 930 3546 industria.
975 3477 1135 3566 Equidem
