2630 3890
184 184 248 247 176
532 182 581 236 DE
599 182 841 238 DIVINATIONE

226 327 451 392 Flexa'nima
487 330 682 411 tamquam
720 326 923 412 lymphata
955 330 1020 391 ant
1051 325 1201 428 Bacchi

227 503 427 570 Commota
449 503 489 567 in
505 488 669 568 tumulis
688 503 876 568 Teucrum
895 437 1197 569 cominaecrhldrans

990 614 1105 656 suum.

130 685 171 750 37
183 681 292 766 Atque
325 681 425 745 etiam
457 680 516 744 illa
546 678 720 745 concitatio
749 679 894 744 declarat
921 680 988 744 vim
1015 681 1051 744 in
1078 681 1195 745 animis

183 792 253 836 esse
287 769 437 834 divinam.
487 766 598 854 Negat
630 767 716 832 enim
749 768 818 833 sine
849 767 959 833 furore
989 768 1195 834 Democritus

184 881 379 944 quemquam
410 859 542 943 po‘e'tam
569 877 726 942 magnum
754 878 824 921 esse
851 878 961 942 posse,
994 857 1081 941 quod
1107 857 1195 922 idem
1225 875 1239 917 a

184 948 263 1013 dicit
284 945 391 1011 Plato.
438 943 553 1028 Quem,
578 945 607 1008 si
629 943 751 1028 placet,
776 945 921 1030 appellet
943 944 1095 1030 furorem,
1118 946 1197 1010 dum

183 1036 279 1101 modo
307 1035 336 1099 is
363 1033 455 1099 furor
481 1033 531 1098 ita
556 1032 720 1116 landetur,
752 1036 790 1097 ut
817 1033 852 1097 in
874 1032 1022 1099 Phaedro
1044 1033 1196 1100 Platonis

183 1123 335 1189 laudatus
368 1125 426 1188 ast.
472 1119 577 1197 Quid?
610 1123 720 1188 vestra
748 1121 852 1186 oratio
879 1120 915 1186 in
943 1122 1063 1207 causis,
1095 1122 1195 1206 quid?

182 1214 256 1298 ipsa
279 1211 364 1276 actio
387 1213 498 1296 potest
522 1231 592 1274 esse
613 1209 788 1274 vehemens
812 1213 845 1274 et
869 1210 979 1295 gravis
1003 1213 1036 1274 et
1055 1211 1196 1295 copiosa,

182 1301 247 1366 nisi
275 1304 326 1365 est
353 1299 480 1363 animus
507 1297 577 1383 ipse
605 1297 819 1363 commotior?
856 1298 1024 1382 Equidem
1040 1299 1139 1364 ctiam
1162 1299 1197 1364 in
1213 1317 1239 1356 10

184 1394 217 1455 te
240 1409 337 1474 saepe
359 1387 427 1453 vidi
450 1389 496 1471 et,
522 1389 561 1451 ut
584 1386 625 1450 ad
646 1385 771 1451 leviora
793 1386 974 1471 veniamne,
996 1387 1031 1451 in
1054 1387 1197 1473 Aesopo,

183 1477 340 1543 familiari
357 1479 424 1559 tuo,
442 1478 573 1539 tantum
592 1475 740 1539 ardorem
758 1474 908 1539 vultuum
923 1478 1021 1559 atque
1039 1479 1197 1560 motuum,

184 1571 222 1630 ut
250 1564 401 1631 eum'vis
430 1563 588 1648 quaedam
616 1561 814 1627 abstraxisse
842 1585 861 1627 a
889 1585 986 1628 sensu
1008 1565 1128 1629 mentis
1151 1565 1198 1631 vi·

186 1655 323 1719 deretur.

131 1756 165 1806 81
252 1741 445 1806 Obiciuntur
463 1741 562 1806 etiam
582 1761 678 1824 saepe
695 1738 829 1824 formae,
853 1762 935 1825 quae
953 1763 1067 1825 reapse
1085 1741 1197 1806 nullae
1212 1758 1238 1800 1⁵

186 1834 271 1914 sunt,
294 1830 434 1915 speciem
458 1833 567 1894 antem
590 1829 743 1913 offerunt3
767 1827 852 1914 quod
871 1829 1047 1915 contigisse
1065 1827 1197 1895 Brenno

186 1919 304 1984 dicitur
323 1918 455 2001 eiusque
474 1916 610 1982 Gallicis
629 1917 740 2001 copiis,
759 1939 831 1982 cum
848 1915 926 1981 fano
942 1917 1106 2002 Apollinis
1120 1919 1197 1982 Del·

185 2006 273 2092 phici
304 2005 465 2070 nefarium
492 2005 616 2069 bellum
643 2004 817 2070 intulisset.
863 2005 946 2070 Tum
975 2006 1061 2071 enim
1087 2005 1197 2071 ferunt

186 2117 225 2160 ex
249 2095 358 2159 oraclo
383 2093 523 2158 ecfatam
546 2115 616 2158 esse
638 2092 805 2177 Pythiam:

229 2181 311 2267 Ego
339 2182 550 2267 providebo
573 2202 652 2245 rem
674 2179 792 2245 istam
815 2184 852 2246 et
875 2182 988 2247 albae
1010 2181 1196 2268 virgines.
1212 2201 1239 2240 »ο

185 2270 236 2337 Ex
255 2292 318 2354 quo
337 2269 468 2352 factum,
487 2273 524 2333 ut
542 2269 729 2334 viderentur
745 2269 889 2356 virgines
910 2270 995 2335 ferre
1015 2293 1106 2336 arma
1125 2294 1198 2337 con-

186 2364 239 2424 tra
262 2361 296 2423 et
317 2359 392 2423 nive
415 2356 586 2422 Gallorum
609 2358 800 2422 obrueretur
823 2358 990 2424 exercitus.

132 2449 176 2514 38
254 2446 450 2511 Aristoteles
473 2445 602 2530 quidem
621 2467 676 2510 cos
696 2445 804 2530 etiam,
828 2447 883 2531 qui
901 2447 1097 2512 valetudinis
1115 2448 1198 2513 vitio

186 2537 332 2601 furerent
359 2538 394 2600 et
419 2533 644 2599 melancholici
672 2534 868 2619 dicerentur,
897 2536 1050 2600 censebat
1077 2536 1198 2601 habere

187 2624 311 2709 aliquid
341 2623 377 2688 in
408 2622 525 2688 animis
554 2620 764 2708 praesagiens
797 2627 894 2707 atque
927 2623 1079 2698 divinum.
1124 2624 1198 2712 Ego
1213 2643 1238 2682 a

188 2717 297 2779 autem
319 2711 407 2777 haud
430 2710 496 2776 scio
520 2733 563 2775 an
584 2732 643 2775 nec
663 2710 819 2776 cardiacis
842 2710 905 2776 hoc
927 2712 1136 2777 tribuendum
1155 2715 1200 2778 sil

187 2823 246 2867 nec
263 2798 475 2886 phreneticis3
494 2799 594 2863 animi
613 2799 698 2863 enim
716 2799 847 2886 integri,
860 2821 927 2864 non
940 2800 1052 2866 vitiosi
1066 2804 1117 2866 est
1127 2823 1199 2867 cor-

134 2897 168 2949 82
188 2889 277 2974 poris
297 2887 463 2953 divinatio.
500 2885 604 2963 Quam
628 2887 757 2971 quidem
781 2909 850 2952 esse
873 2909 909 2952 re
931 2910 1009 2953 vera
1031 2888 1093 2954 hac
1116 2887 1199 2955 Stoi·

188 2999 299 3042 cornm
322 2976 448 3041 ratione
472 2975 686 3041 concludItur:
715 2973 770 3039 ‘si
793 2979 883 3040 sunt
906 2974 943 3040 di
964 2999 1086 3061 neque
1110 2982 1199 3043 ante

189 3064 391 3129 declarant
408 3063 645 3147 hominibus,
664 3085 759 3147 qnae
777 3063 910 3128 futura
928 3063 1020 3149 sint,
1039 3069 1240 3132 suenone
1313 3132 1314 3135 ,

189 3151 360 3237 diligunt
374 3152 548 3217 homines
563 3155 641 3234 aut,
661 3151 752 3236 quid
766 3155 991 3233 eventurum
1007 3153 1072 3238 sit,
1090 3154 1200 3240 igno·

188 3243 278 3304 rant
305 3244 371 3304 aut
399 3241 638 3305 existumant
664 3239 765 3304 nihil
788 3240 980 3306 interesse
1003 3241 1201 3308 hominum

189 3327 302 3411 scire,
330 3327 421 3411 qnid
449 3328 501 3392 sit
527 3327 714 3412 futurum,
742 3331 808 3392 aut
834 3350 911 3394 non
932 3335 1093 3395 censent
1117 3353 1201 3397 esse

188 3436 279 3480 suae
325 3415 547 3480 maiestatis
592 3416 919 3503 praesignificare
964 3416 1201 3506 hominibus,

189 3525 285 3588 quae
318 3507 407 3568 sunt
437 3504 583 3589 futura,
620 3508 686 3570 aut
718 3526 761 3570 ea
793 3527 837 3570 ne
869 3505 946 3590 ipsi
979 3507 1131 3591 quidem
1164 3510 1240 3574 diss
