2610 3894
320 113 388 168 LIB.
407 115 441 170 11.
462 115 540 170 cAP.
561 122 675 170 ce—oo.
694 120 709 181 s
729 115 878 170 rae-165.
1044 113 1108 179 105

87 257 254 342 Epicurus
279 281 376 342 quam
400 259 655 343 praedictionem
678 280 787 324 rerum
809 258 1004 342 futurarum,
1026 257 1109 322 mihi

89 346 222 412 videtur
256 348 308 412 vel
341 369 491 412 maxume
521 347 713 413 confirmare
742 347 875 412 deorum
903 346 1110 432 providentia

90 435 220 501 consuli
247 435 344 500 rebus
368 435 529 500 humanis.
573 435 636 500 Est
660 436 746 500 enim
768 435 917 521 profecto
940 434 1109 517 divinatio,

91 536 176 609 quae
200 523 313 588 multis
334 523 425 608 locis,
447 524 554 608 rebus,
577 525 779 609 temporibus
799 527 936 609 apparet
955 546 1028 588 cum
1048 523 1108 604 [in]

62 612 234 699 sprivatis
257 615 328 676 tum
352 634 501 676 maxume
524 611 673 696 publicis,
713 612 820 677 Multa
843 615 979 677 cernunt
1000 611 1161 676 hara-163

92 701 215 786 spicea,
237 700 344 764 multa
368 721 508 786 augures
531 700 713 784 provident,
736 702 842 765 multa
866 701 983 766 oraclis
1008 700 1110 765 decla·

92 792 223 871 rantur,
251 789 357 853 multa
378 789 681 872 vaticinationibus,
704 790 811 854 multa
833 789 982 872 somniis,
1004 789 1111 852 multa

91 877 271 963 portentis,
299 877 417 961 quibus
441 877 583 963 cognitis
606 878 729 942 multae
753 899 850 963 saepe
873 899 925 941 res
949 897 986 942 eac
1008 877 1111 941 homi·

90 989 173 1030 num
205 965 369 1030 sententia
402 968 499 1050 atque
532 965 676 1031 utilitate
708 969 837 1051 partae,
874 967 979 1030 multa
1012 965 1112 1029 etiam

51 1076 76 1114 ιο
91 1054 240 1140 pericula
269 1054 405 1139 depulsa
432 1057 517 1118 sunt.
562 1053 652 1119 Haec
674 1054 776 1139 igitur
800 1054 867 1119 sive
891 1055 940 1119 vis
965 1053 1033 1118 sive
1058 1075 1111 1118 ars

92 1143 164 1208 sive
183 1146 303 1207 natura
321 1142 362 1206 ad
381 1141 551 1207 scientiam
569 1165 677 1207 rerum
695 1142 881 1207 futurarum
899 1142 1025 1207 homini
1039 1164 1112 1227 pro-

90 1231 179 1296 fecto
213 1234 264 1295 est
290 1252 349 1295 nec
378 1230 435 1295 alii
463 1231 614 1314 cuiquam
641 1253 662 1296 a
690 1231 739 1295 dis
768 1231 999 1296 inmortalibus
1027 1231 1112 1294 data.

92 1318 184 1395 Quae
208 1318 237 1384 si
260 1319 392 1404 singula
414 1341 473 1385 vos
496 1319 583 1383 forte
605 1340 672 1384 non
690 1323 832 1403 movent,
854 1320 1007 1385 universa
1025 1323 1112 1383 certe

8 1417 9 1424 ’
91 1412 206 1472 tamen
238 1407 324 1472 inter
356 1429 391 1472 se
423 1429 545 1472 conexa
577 1411 676 1491 atque
703 1407 876 1473 coniuncta
902 1429 1033 1472 movere
1061 1406 1112 1471 de

49 1497 229 1561 nabebunt.

8 1611 9 1616 ¹
161 1583 232 1650 Nec
263 1606 341 1650 vero
373 1584 525 1649 universo
554 1584 665 1670 generi
692 1585 862 1649 hominum
890 1585 1010 1668 solum,
1043 1584 1165 1648 sed1oc

95 1673 196 1738 etiam
220 1672 359 1758 singulis
383 1695 403 1737 a
427 1673 475 1738 dis
499 1672 730 1738 inmortalibus
754 1673 880 1737 consuli
898 1676 931 1737 et
948 1671 1113 1758 provideri

8 1789 9 1792 ¹
95 1762 191 1827 solet.
241 1761 333 1826 Licet
365 1761 452 1826 enim
485 1761 676 1826 contrahere
708 1761 957 1826 universitatem
984 1761 1113 1846 generis
1158 1805 1160 1810 ,

95 1849 233 1915 humani
256 1871 391 1933 eamque
416 1849 579 1935 gradatim
603 1851 644 1915 ad
666 1850 848 1935 pauciores,
871 1852 1038 1935 postremo
1062 1849 1113 1913 de

54 1957 83 1997 ao
98 1939 214 2003 ducere
239 1936 280 2002 ad
304 1938 461 2023 singulos.
502 1936 589 2002 Nam
613 1938 641 2002 si
665 1939 815 2003 omnibus
838 1937 1035 2022 hominibus,
1058 1939 1114 2022 qui
1124 1943 1167 2007 66

95 2027 218 2111 ubique
245 2030 321 2091 sunt
345 2047 546 2111 quacumque
569 2027 604 2090 in
627 2048 685 2091 ora
708 2049 745 2092 ao
767 2030 861 2111 parte
884 2030 1048 2091 terrarum
1071 2026 1113 2090 ab

94 2115 230 2181 huiusce
253 2118 369 2199 terrae,
393 2137 491 2199 quam
513 2136 575 2180 nos
597 2115 779 2199 incolimus,
802 2114 1046 2180 continuatione
1070 2114 1114 2178 di·

96 2203 267 2287 stantium,
286 2201 363 2268 deos
382 2203 550 2269 consulere
569 2225 736 2267 censemus
756 2203 798 2268 ob
818 2225 872 2268 eas
889 2224 1013 2287 causas,
1033 2224 1113 2286 quas

95 2296 173 2357 ante
201 2291 355 2377 diximus,
387 2291 440 2356 his
469 2313 596 2376 quoque
624 2291 812 2356 hominibus
841 2292 1027 2375 consulunt,
1058 2291 1114 2374 qui

52 2399 79 2440 as
93 2380 155 2446 has
179 2379 352 2446 nobiscum
375 2383 480 2444 terras
504 2380 546 2444 ab
570 2379 694 2445 oriente
714 2380 755 2444 ad
774 2380 973 2446 occidentem
991 2379 1113 2444 colunt.

94 2467 154 2533 Sin
173 2472 284 2534 autem
301 2468 351 2533 bis
370 2468 553 2551 consulunt,
576 2468 632 2552 qui
651 2469 745 2552 quasi
763 2489 918 2553 magnam
937 2466 1100 2552 quandam
1117 2480 1166 2530 165

92 2557 238 2623 insulam
267 2556 430 2641 incolunt,
461 2579 559 2641 quam
588 2577 649 2621 nos
680 2557 793 2621 orbem
820 2560 927 2621 terrae
950 2575 1114 2637 vocamus,

93 2647 195 2711 etiam
222 2645 290 2710 illis
320 2647 509 2728 consulunt,
537 2645 593 2729 qui
615 2648 727 2730 partes
751 2645 819 2709 eius
842 2644 968 2708 insulae
992 2645 1114 2725 tenent,

91 2735 277 2820 Europam,
310 2733 439 2818 Asiam,
471 2733 627 2798 Africam.
676 2732 768 2818 Ergo
800 2736 834 2797 et
863 2754 976 2796 earum
1002 2732 1114 2814 partes

53 2841 81 2882 ³0
95 2823 254 2908 diligunt,
278 2825 316 2887 ut
338 2822 491 2906 Romam,
514 2820 677 2905 Athenas,
702 2819 868 2906 Spartam,
891 2819 1058 2901 Rhodum,
1082 2822 1115 2883 et

94 2934 209 2977 earum
241 2909 373 2975 urbium
401 2910 579 2996 separatim
607 2911 648 2974 ab
677 2908 838 2974 universis
867 2908 1015 2994 singulos
1043 2907 1114 2971 dili-

95 3003 193 3086 gunt,
223 3003 261 3063 ut
288 2998 407 3084 Pyrrhi
434 2999 522 3064 bello
547 2996 694 3082 Curium,
724 2996 925 3080 Fabricium,
954 2994 1114 3062 Corunca-

92 3089 199 3172 nium,
227 3087 335 3173 primo
359 3087 481 3152 Punico
505 3085 705 3170 Calatinum,
729 3085 912 3169 Duellium,
934 3084 1114 3168 Metellum,

93 3176 281 3260 Lutatium,
305 3176 445 3241 secundo
468 3175 667 3259 Maxumum,
690 3173 891 3258 Marcellum,
914 3171 1115 3257 Africanum,

55 3281 80 3324 3⁶
94 3269 174 3351 post
196 3264 259 3329 hos
282 3263 436 3349 Paulum,
459 3263 652 3348 Gracchum,
675 3261 833 3328 Catonem
855 3265 1028 3348 patrumve
1050 3283 1115 3326 me·

93 3353 201 3419 moria
236 3349 435 3437 Scipionem,
465 3351 628 3436 Laelium3
663 3351 850 3435 multosque
880 3353 1050 3436 praeterea
1082 3353 1116 3414 et

91 3445 213 3509 nostra
241 3440 356 3506 civitas
380 3443 414 3504 et
437 3438 573 3505 Graecia
596 3439 675 3504 tulit
698 3439 882 3525 singulares
905 3439 1007 3522 viros,
1038 3458 1115 3521 quo·
