2610 3894
164 132 232 188 affl.
252 133 287 190 11.
307 132 383 188 eAP.
404 139 447 200 ec,
462 140 504 189 et.
524 138 706 200 §reo-me.
730 131 798 188 ΜΒ.
813 133 862 188 111.
882 133 1022 190 naenia
1045 135 1107 200 107

343 351 391 423 u.
422 349 583 422 uuuuu
611 349 859 422 ouenuouus

205 525 301 622 DE
339 524 647 622 NATURA
684 523 997 626 DEORUM

466 711 516 765 AD
531 711 567 766 Μ.
582 712 736 767 BRUTUM

413 861 553 922 LIBER
581 861 788 922 TERTIUS.

546 1019 653 1028 ——-

454 1141 752 1204 ARGUMENTUM.

162 1278 225 1332 Hoc
244 1275 317 1332 libro
337 1276 498 1331 continetur
517 1274 616 1330 Cottae
634 1274 799 1330 Academici
817 1277 915 1330 contra
930 1275 1054 1332 Stoicam
1073 1279 1109 1334 de

91 1350 137 1404 dis
161 1347 302 1404 rationem
324 1346 489 1428 disputatio.
526 1345 580 1413 Ea,
605 1347 638 1400 ut
656 1345 799 1416 superiore
817 1346 903 1414 libro,
928 1347 958 1402 in
976 1351 1111 1417 quattuor

90 1421 188 1490 partes
212 1419 364 1473 distributa
387 1420 438 1473 est.
475 1416 549 1472 Nam
571 1415 725 1486 praemisso
747 1417 892 1486 prooemio
917 1419 1010 1488 prima
1027 1423 1108 1490 parte

91 1491 144 1545 ille
160 1489 316 1560 respondet
333 1491 489 1559 (capt-'1
509 1490 637 1558 §ll-19)
656 1487 693 1542 ad
712 1504 753 1554 ea,
772 1486 873 1556 quibus
887 1487 992 1543 Balbus
1007 1490 1109 1546 docere

92 1561 225 1616 voluerat
249 1575 310 1614 esse
336 1559 412 1613 deos.
448 1557 490 1612 Ac
513 1557 635 1628 primum
657 1557 772 1626 quidem
791 1557 901 1613 Stoicos
920 1559 962 1614 ait
980 1577 1039 1614 rem
1057 1561 1109 1614 mi-

91 1631 168 1686 nime
184 1629 299 1685 dubiam
313 1628 535 1699 argumentando
551 1628 666 1683 dubiam
678 1627 789 1695 fecisse,
807 1644 873 1682 nam
886 1645 940 1684 nec
954 1631 1033 1700 vulgi
1048 1631 1108 1701 opi-

92 1701 176 1756 nione
199 1701 309 1756 tantem
327 1717 386 1754 rem
403 1698 522 1754 iudicari
540 1715 623 1769 posse
642 1714 695 1753 neo
713 1701 878 1768 argumento
897 1715 915 1753 a
933 1700 1108 1756 divinatione

92 1772 193 1843 petito.
230 1770 340 1826 Deinde
360 1769 505 1825 Cleanthis
524 1772 554 1824 et
572 1769 723 1840 Chrysippi
741 1772 907 1839 argumenta
924 1770 1049 1826 breviter
1066 1789 1109 1828 re-

4 1883 7 1910 ,2
92 1841 257 1967 grehendsts
286 1857 455 1910 quamquam
478 1856 512 1895 ea
533 1857 598 1910 pars
621 1857 678 1894 non
700 1841 812 1910 integra
835 1839 872 1894 ad
894 1857 946 1895 nos
969 1843 1108 1912 pervenit.

5 1969 6 1982 ἦ
113 1913 223 1968 eounda
241 1914 323 1982 parte
342 1914 414 1982 (cop.
429 1914 527 1982 8-25)
547 1911 641 1965 omnia
654 1927 688 1965 ea
700 1911 909 1993 impugnantur,
929 1929 1000 1982 quae
1014 1913 1049 1968 de
1064 1914 1108 1968 dis

93 1984 178 2055 ipsis,
204 1983 301 2052 quales
326 1983 432 2048 essent,
456 1981 601 2052 disputata
619 1983 706 2039 eraut.
743 1983 842 2050 Itaque
860 1999 982 2052 prunum
999 2001 1057 2038 non
1075 2000 1110 2038 ea

93 2055 263 2125 argumenta
277 2053 368 2108 solnm
382 2051 521 2118 dissolvit,
541 2051 641 2121 quibus
655 2052 768 2118 mundo,
783 2052 846 2120 soli,
861 2053 943 2108 lunae
958 2054 1108 2109 sideribus-

93 2141 148 2194 que
172 2123 309 2178 divinitas
331 2122 477 2178 vindicata
499 2124 571 2189 erat,
597 2122 764 2190 sedetiam,
790 2139 824 2178 ea
842 2123 939 2194 opinio
958 2141 1043 2192 quam
1061 2126 1109 2179 ab·

93 2195 180 2250 surda
197 2194 246 2262 sit,
264 2193 392 2264 pluribus
411 2193 584 2263 argumentis
603 2192 790 2260 demonstrat3
814 2211 932 2262 quorum
950 2194 1034 2250 facile
1051 2195 1109 2265 pri·

92 2265 214 2320 marium
237 2263 311 2319 illud
335 2266 392 2330 est,
418 2280 473 2332 quo
493 2263 649 2318 Carneades
672 2263 715 2318 uti
739 2264 849 2319 solebat
872 2267 970 2320 contra
989 2266 1107 2333 Stoicos,

92 2337 204 2391 nullum
226 2351 318 2404 neque
342 2350 441 2406 corpus
464 2350 556 2402 neque
578 2333 695 2401 animal,
719 2334 795 2402 quod
812 2335 962 2405 patibilem
979 2339 1108 2390 naturam

92 2407 220 2472 haberet,
233 2405 393 2460 immortale
407 2406 437 2460 et
449 2407 594 2460 aeternum
607 2421 668 2459 esse
681 2421 773 2474 posse,
787 2405 999 2461 immortalitate
1014 2408 1109 2460 autem

93 2481 124 2533 et
141 2476 312 2532 aeternitate
331 2476 442 2530 sublate
459 2475 550 2546 ipsam
564 2474 743 2530 divinitatem
756 2476 830 2530 tolli.
857 2475 966 2531 Deinde
980 2476 1108 2546 poeticos

92 2549 172 2616 deos,
192 2549 223 2602 et
240 2563 309 2616 quos
327 2546 409 2616 plebs
426 2547 623 2616 superstitiosa
636 2546 830 2614 venerebatur,
849 2554 1025 2615 σωρειτικαῑς
1040 2543 1108 2614 ipor-

91 2616 200 2688 τήσεσι,
219 2617 319 2687 quibus
334 2615 490 2672 Carneades
508 2617 538 2670 in
555 2615 611 2670 hac
628 2616 821 2686 disputatione
835 2617 878 2670 uti
893 2615 1010 2682 solebat,
1030 2615 1108 2670 eliis-

92 2687 355 2814 qtitttttt
373 2686 1109 2827 ttaetttittltlltttttlltlet

92 2779 209 2886 §tolcae
255 2845 312 2896 ars,
338 2845 409 2897 quae
434 2827 502 2883 deos
524 2827 682 2898 providisse
707 2829 736 2883 et
754 2827 927 2882 consuluisse
945 2827 1108 2883 hominibus

93 2847 293 2968 contendessat
312 2900 445 2968 quattuor
462 2897 634 2968 argumentis
652 2897 796 2952 nitebatur
814 2897 897 2969 (coni
913 2900 1109 2968 argumentum

94 2971 144 3025 lib.
159 2971 188 3024 Π
207 2971 300 3040 extr.);
319 2969 419 3024 horum
438 2969 560 3025 secundo
580 2970 610 3022 et
627 2970 727 3037 quarto
746 2985 817 3037 quae
831 2968 1010 3039 respondisse
1025 2968 1111 3024 Cotta

93 3041 224 3112 lingitur,
248 3057 282 3095 ea
299 3040 360 3095 sola
376 3041 539 3095 manserunt
557 3041 628 3110 (cap.
648 3041 773 3109 26-40).
811 3039 942 3094 Ostendit
960 3038 1035 3094 enim
1052 3040 1109 3110 pri·

93 3129 180 3179 mum,
200 3111 301 3181 quibus
319 3111 403 3166 rebus
420 3110 582 3166 hominibus
597 3109 771 3164 consuluisse
786 3109 816 3163 di
830 3110 968 3178 dicantur,
988 3127 1035 3166 eas
1049 3111 1110 3181 ple-

93 3199 209 3251 rasque,
232 3181 262 3235 in
287 3180 385 3252 primis
407 3181 558 3246 rationem,
582 3179 620 3233 ad
637 3179 782 3234 hominum
800 3181 955 3250 perniciem
973 3182 1109 3249 converti,

93 3268 274 3379 zuffmosque
296 3251 424 3306 homines
448 3253 477 3306 et
499 3250 613 3305 virtutis
636 3250 844 3306 amantissimos
867 3251 1017 3322 plerosque
1035 3252 1111 3307 mela

107 3339 123 3376 o
152 3338 209 3378 una
227 3339 292 3378 usos
311 3337 380 3377 esse
1020 3358 1023 3363 -

495 3449 706 3458 --—-———-
