<?xml version="1.0" encoding="UTF-8"?>
<!DOCTYPE html PUBLIC "-//W3C//DTD XHTML 1.0 Transitional//EN"
    "http://www.w3.org/TR/xhtml1/DTD/xhtml1-transitional.dtd">
<html xmlns="http://www.w3.org/1999/xhtml" xml:lang="en" lang="en">
 <head>
  <title>
</title>
<meta http-equiv="Content-Type" content="text/html;charset=utf-8" />
  <meta name='ocr-system' content='tesseract 3.04.00' />
  <meta name='ocr-capabilities' content='ocr_page ocr_carea ocr_par ocr_line ocrx_word'/>
</head>
<body>
  <div class='ocr_page' id='page_1' title='image "./scriptaquaemans02mullgoog_0241.png"; bbox 0 0 2630 3890; ppageno 0'>
   <div class='ocr_carea' id='block_1_1' title="bbox 179 137 838 207">
    <p class='ocr_par' dir='ltr' id='par_1_1' title="bbox 179 137 838 207">
     <span class='ocr_line' id='line_1_1' title="bbox 179 137 838 207; baseline -0.023 0"><span class='ocrx_word' id='word_1_1' title='bbox 179 142 244 207; x_wconf 87' lang='lat'>184</span> <span class='ocrx_word' id='word_1_2' title='bbox 530 137 579 194; x_wconf 80' lang='lat' dir='ltr'>DE</span> <span class='ocrx_word' id='word_1_3' title='bbox 597 137 838 194; x_wconf 82' lang='lat' dir='ltr'>DIVINATIONE</span> 
     </span>
    </p>
   </div>
   <div class='ocr_carea' id='block_1_2' title="bbox 177 281 1185 372">
    <p class='ocr_par' dir='ltr' id='par_1_2' title="bbox 177 281 1185 372">
     <span class='ocr_line' id='line_1_2' title="bbox 177 281 1185 372; baseline -0.004 -20"><span class='ocrx_word' id='word_1_4' title='bbox 177 286 319 372; x_wconf 88' lang='lat' dir='ltr'>inquam,</span> <span class='ocrx_word' id='word_1_5' title='bbox 334 285 551 370; x_wconf 79' lang='lat' dir='ltr'><strong>auspiciorum</strong></span> <span class='ocrx_word' id='word_1_6' title='bbox 565 281 781 369; x_wconf 78' lang='lat' dir='ltr'>patrocinium</span> <span class='ocrx_word' id='word_1_7' title='bbox 795 282 891 348; x_wconf 93' lang='lat' dir='ltr'>debet</span> <span class='ocrx_word' id='word_1_8' title='bbox 906 305 983 348; x_wconf 79' lang='lat' dir='ltr'>esse.</span> <span class='ocrx_word' id='word_1_9' title='bbox 1011 281 1085 348; x_wconf 84' lang='lat' dir='ltr'>Tibi</span> <span class='ocrx_word' id='word_1_10' title='bbox 1099 281 1185 370; x_wconf 82' lang='lat' dir='ltr'>App.</span> 
     </span>
    </p>
   </div>
   <div class='ocr_carea' id='block_1_3' title="bbox 132 369 1315 3546">
    <p class='ocr_par' dir='ltr' id='par_1_3' title="bbox 132 369 1315 3546">
     <span class='ocr_line' id='line_1_3' title="bbox 179 369 1185 458; baseline -0.006 -16"><span class='ocrx_word' id='word_1_11' title='bbox 179 374 332 442; x_wconf 77' lang='lat' dir='ltr'>Claudius</span> <span class='ocrx_word' id='word_1_12' title='bbox 363 395 466 458; x_wconf 91' lang='lat' dir='ltr'>augur</span> <span class='ocrx_word' id='word_1_13' title='bbox 497 372 623 437; x_wconf 81' lang='lat' dir='ltr'>consuli</span> <span class='ocrx_word' id='word_1_14' title='bbox 649 371 813 436; x_wconf 87' lang='lat' dir='ltr'>nuntiavit</span> <span class='ocrx_word' id='word_1_15' title='bbox 841 371 1030 437; x_wconf 92' lang='lat' dir='ltr'>addubitato</span> <span class='ocrx_word' id='word_1_16' title='bbox 1061 369 1185 436; x_wconf 89' lang='lat' dir='ltr'>Salutis</span> 
     </span>
     <span class='ocr_line' id='line_1_4' title="bbox 179 459 1185 550; baseline -0.005 -20"><span class='ocrx_word' id='word_1_17' title='bbox 179 464 315 550; x_wconf 89' lang='lat' dir='ltr'>augurio</span> <span class='ocrx_word' id='word_1_18' title='bbox 333 462 455 528; x_wconf 89' lang='lat' dir='ltr'>bellum</span> <span class='ocrx_word' id='word_1_19' title='bbox 474 460 687 525; x_wconf 80' lang='lat' dir='ltr'>domesticum</span> <span class='ocrx_word' id='word_1_20' title='bbox 700 460 795 524; x_wconf 85' lang='lat' dir='ltr'>triste</span> <span class='ocrx_word' id='word_1_21' title='bbox 813 482 851 525; x_wconf 91' lang='lat' dir='ltr'>ao</span> <span class='ocrx_word' id='word_1_22' title='bbox 863 460 1088 525; x_wconf 87' lang='lat' dir='ltr'>turbulentum</span> <span class='ocrx_word' id='word_1_23' title='bbox 1100 459 1185 544; x_wconf 84' lang='lat' dir='ltr'>fore;</span> 
     </span>
     <span class='ocr_line' id='line_1_5' title="bbox 179 549 1294 638; baseline -0.004 -20"><span class='ocrx_word' id='word_1_24' title='bbox 179 552 266 638; x_wconf 92' lang='lat' dir='ltr'>quod</span> <span class='ocrx_word' id='word_1_25' title='bbox 287 550 398 636; x_wconf 81' lang='lat' dir='ltr'><strong>paucis</strong></span> <span class='ocrx_word' id='word_1_26' title='bbox 421 551 497 635; x_wconf 87' lang='lat' dir='ltr'>post</span> <span class='ocrx_word' id='word_1_27' title='bbox 519 549 684 613; x_wconf 87' lang='lat' dir='ltr'>mensibus</span> <span class='ocrx_word' id='word_1_28' title='bbox 708 551 854 614; x_wconf 85' lang='lat' dir='ltr'>exortum</span> <span class='ocrx_word' id='word_1_29' title='bbox 878 549 1085 633; x_wconf 84' lang='lat' dir='ltr'>paucioribus</span> <span class='ocrx_word' id='word_1_30' title='bbox 1109 571 1129 613; x_wconf 88' lang='lat' dir='ltr'>a</span> <span class='ocrx_word' id='word_1_31' title='bbox 1150 552 1185 613; x_wconf 90' lang='lat' dir='ltr'>te</span> <span class='ocrx_word' id='word_1_32' title='bbox 1293 575 1294 578; x_wconf 42' lang='lat'>¹</span> 
     </span>
     <span class='ocr_line' id='line_1_6' title="bbox 180 634 1228 722; baseline -0.007 -16"><span class='ocrx_word' id='word_1_33' title='bbox 180 644 230 706; x_wconf 89' lang='lat' dir='ltr'>est</span> <span class='ocrx_word' id='word_1_34' title='bbox 251 639 362 704; x_wconf 89' lang='lat' dir='ltr'>diebus</span> <span class='ocrx_word' id='word_1_35' title='bbox 382 658 581 722; x_wconf 88' lang='lat' dir='ltr'>oppressum.</span> <span class='ocrx_word' id='word_1_36' title='bbox 618 634 678 702; x_wconf 83' lang='lat' dir='ltr'>Oui</span> <span class='ocrx_word' id='word_1_37' title='bbox 697 636 826 720; x_wconf 91' lang='lat' dir='ltr'>quidem</span> <span class='ocrx_word' id='word_1_38' title='bbox 845 637 961 722; x_wconf 87' lang='lat' dir='ltr'>auguri</span> <span class='ocrx_word' id='word_1_39' title='bbox 978 636 1186 702; x_wconf 86' lang='lat' dir='ltr'>vehementer</span> <span class='ocrx_word' id='word_1_40' title='bbox 1215 657 1228 699; x_wconf 83' lang='lat' dir='ltr'>s</span> 
     </span>
     <span class='ocr_line' id='line_1_7' title="bbox 180 724 1186 810; baseline -0.003 -17"><span class='ocrx_word' id='word_1_41' title='bbox 180 727 357 810; x_wconf 81' lang='lat' dir='ltr'>adsentior3</span> <span class='ocrx_word' id='word_1_42' title='bbox 389 725 478 790; x_wconf 88' lang='lat' dir='ltr'>solus</span> <span class='ocrx_word' id='word_1_43' title='bbox 511 725 597 789; x_wconf 90' lang='lat' dir='ltr'>enim</span> <span class='ocrx_word' id='word_1_44' title='bbox 629 724 806 789; x_wconf 89' lang='lat' dir='ltr'>multorum</span> <span class='ocrx_word' id='word_1_45' title='bbox 838 746 997 790; x_wconf 88' lang='lat' dir='ltr'>annorum</span> <span class='ocrx_word' id='word_1_46' title='bbox 1026 725 1186 791; x_wconf 88' lang='lat' dir='ltr'>memoria</span> 
     </span>
     <span class='ocr_line' id='line_1_8' title="bbox 178 812 1186 900; baseline -0.006 -18"><span class='ocrx_word' id='word_1_47' title='bbox 178 839 244 882; x_wconf 93' lang='lat' dir='ltr'>non</span> <span class='ocrx_word' id='word_1_48' title='bbox 267 812 458 880; x_wconf 82' lang='lat' dir='ltr'>decantandi</span> <span class='ocrx_word' id='word_1_49' title='bbox 481 813 622 900; x_wconf 86' lang='lat' dir='ltr'>augurii,</span> <span class='ocrx_word' id='word_1_50' title='bbox 650 813 707 877; x_wconf 89' lang='lat' dir='ltr'>sed</span> <span class='ocrx_word' id='word_1_51' title='bbox 730 812 894 878; x_wconf 88' lang='lat' dir='ltr'>divinandi</span> <span class='ocrx_word' id='word_1_52' title='bbox 916 813 1022 878; x_wconf 87' lang='lat' dir='ltr'>tenuit</span> <span class='ocrx_word' id='word_1_53' title='bbox 1045 813 1186 898; x_wconf 77' lang='lat' dir='ltr'>discipli-</span> 
     </span>
     <span class='ocr_line' id='line_1_9' title="bbox 178 900 1186 986; baseline -0.004 -17"><span class='ocrx_word' id='word_1_54' title='bbox 178 927 263 969; x_wconf 88' lang='lat' dir='ltr'>nam.</span> <span class='ocrx_word' id='word_1_55' title='bbox 304 900 407 978; x_wconf 81' lang='lat' dir='ltr'>Quem</span> <span class='ocrx_word' id='word_1_56' title='bbox 433 901 618 967; x_wconf 87' lang='lat' dir='ltr'>inridebant</span> <span class='ocrx_word' id='word_1_57' title='bbox 641 901 787 986; x_wconf 81' lang='lat' dir='ltr'>collegae</span> <span class='ocrx_word' id='word_1_58' title='bbox 809 901 859 966; x_wconf 91' lang='lat' dir='ltr'>tui</span> <span class='ocrx_word' id='word_1_59' title='bbox 881 923 1018 986; x_wconf 90' lang='lat' dir='ltr'>eumque</span> <span class='ocrx_word' id='word_1_60' title='bbox 1041 905 1112 966; x_wconf 88' lang='lat' dir='ltr'>tum</span> <span class='ocrx_word' id='word_1_61' title='bbox 1134 901 1186 965; x_wconf 91' lang='lat' dir='ltr'>Pi-</span> 
     </span>
     <span class='ocr_line' id='line_1_10' title="bbox 179 987 1185 1076; baseline -0.003 -19"><span class='ocrx_word' id='word_1_62' title='bbox 179 992 296 1074; x_wconf 86' lang='lat' dir='ltr'>sidam‚</span> <span class='ocrx_word' id='word_1_63' title='bbox 323 994 394 1055; x_wconf 90' lang='lat' dir='ltr'>tum</span> <span class='ocrx_word' id='word_1_64' title='bbox 417 987 576 1055; x_wconf 86' lang='lat' dir='ltr'>Soranum</span> <span class='ocrx_word' id='word_1_65' title='bbox 605 1011 761 1074; x_wconf 83' lang='lat' dir='ltr'>augurem</span> <span class='ocrx_word' id='word_1_66' title='bbox 784 1011 854 1054; x_wconf 90' lang='lat' dir='ltr'>esse</span> <span class='ocrx_word' id='word_1_67' title='bbox 877 990 1041 1076; x_wconf 80' lang='lat' dir='ltr'>dicebant3</span> <span class='ocrx_word' id='word_1_68' title='bbox 1069 991 1185 1075; x_wconf 92' lang='lat' dir='ltr'>quibus</span> 
     </span>
     <span class='ocr_line' id='line_1_11' title="bbox 178 1078 1228 1164; baseline -0.01 -19"><span class='ocrx_word' id='word_1_69' title='bbox 178 1080 270 1145; x_wconf 91' lang='lat' dir='ltr'>nulla</span> <span class='ocrx_word' id='word_1_70' title='bbox 287 1078 458 1144; x_wconf 87' lang='lat' dir='ltr'>videbatur</span> <span class='ocrx_word' id='word_1_71' title='bbox 476 1079 511 1144; x_wconf 92' lang='lat' dir='ltr'>in</span> <span class='ocrx_word' id='word_1_72' title='bbox 529 1078 674 1164; x_wconf 87' lang='lat' dir='ltr'>auguriis</span> <span class='ocrx_word' id='word_1_73' title='bbox 694 1081 751 1143; x_wconf 89' lang='lat' dir='ltr'>aut</span> <span class='ocrx_word' id='word_1_74' title='bbox 768 1079 955 1162; x_wconf 83' lang='lat' dir='ltr'>praesensio</span> <span class='ocrx_word' id='word_1_75' title='bbox 975 1083 1032 1143; x_wconf 85' lang='lat' dir='ltr'>aut</span> <span class='ocrx_word' id='word_1_76' title='bbox 1050 1079 1185 1144; x_wconf 87' lang='lat' dir='ltr'>seientia</span> <span class='ocrx_word' id='word_1_77' title='bbox 1201 1098 1228 1136; x_wconf 86' lang='lat'>10</span> 
     </span>
     <span class='ocr_line' id='line_1_12' title="bbox 178 1166 1185 1252; baseline -0.002 -19"><span class='ocrx_word' id='word_1_78' title='bbox 178 1168 328 1234; x_wconf 81' lang='lat' dir='ltr'>veritatis</span> <span class='ocrx_word' id='word_1_79' title='bbox 350 1167 493 1251; x_wconf 82' lang='lat' dir='ltr'>futurae3</span> <span class='ocrx_word' id='word_1_80' title='bbox 516 1167 679 1252; x_wconf 72' lang='lat' dir='ltr'>sapienter</span> <span class='ocrx_word' id='word_1_81' title='bbox 702 1166 833 1231; x_wconf 91' lang='lat' dir='ltr'>aiebant</span> <span class='ocrx_word' id='word_1_82' title='bbox 857 1167 898 1231; x_wconf 96' lang='lat' dir='ltr'>ad</span> <span class='ocrx_word' id='word_1_83' title='bbox 920 1167 1105 1252; x_wconf 89' lang='lat' dir='ltr'>opinionem</span> <span class='ocrx_word' id='word_1_84' title='bbox 1127 1167 1185 1231; x_wconf 90' lang='lat' dir='ltr'>im-</span> 
     </span>
     <span class='ocr_line' id='line_1_13' title="bbox 178 1253 1187 1342; baseline -0.003 -21"><span class='ocrx_word' id='word_1_85' title='bbox 178 1256 358 1342; x_wconf 89' lang='lat' dir='ltr'>peritorum</span> <span class='ocrx_word' id='word_1_86' title='bbox 376 1277 446 1321; x_wconf 89' lang='lat' dir='ltr'>esse</span> <span class='ocrx_word' id='word_1_87' title='bbox 463 1256 557 1320; x_wconf 86' lang='lat' dir='ltr'>fictas</span> <span class='ocrx_word' id='word_1_88' title='bbox 575 1254 758 1340; x_wconf 89' lang='lat' dir='ltr'>religiones.</span> <span class='ocrx_word' id='word_1_89' title='bbox 791 1253 883 1330; x_wconf 81' lang='lat' dir='ltr'>Quod</span> <span class='ocrx_word' id='word_1_90' title='bbox 900 1256 997 1341; x_wconf 87' lang='lat' dir='ltr'>longe</span> <span class='ocrx_word' id='word_1_91' title='bbox 1016 1277 1108 1322; x_wconf 86' lang='lat' dir='ltr'>seous</span> <span class='ocrx_word' id='word_1_92' title='bbox 1123 1259 1187 1340; x_wconf 82' lang='lat' dir='ltr'>est3</span> 
     </span>
     <span class='ocr_line' id='line_1_14' title="bbox 178 1343 1309 1518; baseline -0.001 -21"><span class='ocrx_word' id='word_1_93' title='bbox 178 1366 399 1517; x_wconf 51' lang='lat' dir='ltr'>estate</span> <span class='ocrx_word' id='word_1_94' title='bbox 413 1344 656 1518; x_wconf 54' lang='lat' dir='ltr'>ssalssttt</span> <span class='ocrx_word' id='word_1_95' title='bbox 679 1343 763 1496; x_wconf 66' lang='lat' dir='ltr'>ltu</span> <span class='ocrx_word' id='word_1_96' title='bbox 779 1343 1187 1517; x_wconf 52' lang='lat' dir='ltr'>ttlsatssttlffiptst,</span> <span class='ocrx_word' id='word_1_97' title='bbox 1280 1422 1309 1450; x_wconf 62' lang='lat'>·‘</span> 
     </span>
     <span class='ocr_line' id='line_1_15' title="bbox 178 1520 1228 1607; baseline -0.009 -20"><span class='ocrx_word' id='word_1_98' title='bbox 178 1525 216 1587; x_wconf 89' lang='lat' dir='ltr'>ut</span> <span class='ocrx_word' id='word_1_99' title='bbox 239 1522 280 1588; x_wconf 92' lang='lat' dir='ltr'>ad</span> <span class='ocrx_word' id='word_1_100' title='bbox 303 1541 445 1586; x_wconf 87' lang='lat' dir='ltr'>errorem</span> <span class='ocrx_word' id='word_1_101' title='bbox 468 1520 685 1585; x_wconf 80' lang='lat' dir='ltr'>multitudinis</span> <span class='ocrx_word' id='word_1_102' title='bbox 708 1520 877 1606; x_wconf 79' lang='lat' dir='ltr'>religionis</span> <span class='ocrx_word' id='word_1_103' title='bbox 897 1520 1070 1585; x_wconf 82' lang='lat' dir='ltr'>simulacra</span> <span class='ocrx_word' id='word_1_104' title='bbox 1087 1520 1187 1607; x_wconf 85' lang='lat' dir='ltr'>finge</span> <span class='ocrx_word' id='word_1_105' title='bbox 1202 1539 1228 1579; x_wconf 87' lang='lat'>15</span> 
     </span>
     <span class='ocr_line' id='line_1_16' title="bbox 178 1603 1187 1692; baseline -0.002 -17"><span class='ocrx_word' id='word_1_106' title='bbox 178 1613 260 1675; x_wconf 90' lang='lat' dir='ltr'>rent.</span> <span class='ocrx_word' id='word_1_107' title='bbox 305 1603 368 1674; x_wconf 84' lang='lat' dir='ltr'>Sed</span> <span class='ocrx_word' id='word_1_108' title='bbox 397 1607 572 1673; x_wconf 79' lang='lat' dir='ltr'>difficultas</span> <span class='ocrx_word' id='word_1_109' title='bbox 599 1609 756 1692; x_wconf 89' lang='lat' dir='ltr'>laborque</span> <span class='ocrx_word' id='word_1_110' title='bbox 785 1608 925 1672; x_wconf 85' lang='lat' dir='ltr'>discendi</span> <span class='ocrx_word' id='word_1_111' title='bbox 952 1608 1107 1673; x_wconf 86' lang='lat' dir='ltr'>disertam</span> <span class='ocrx_word' id='word_1_112' title='bbox 1134 1631 1187 1674; x_wconf 78' lang='lat' dir='ltr'>ne</span> 
     </span>
     <span class='ocr_line' id='line_1_17' title="bbox 180 1695 1250 1784; baseline 0.003 -23"><span class='ocrx_word' id='word_1_113' title='bbox 180 1697 380 1784; x_wconf 89' lang='lat' dir='ltr'>glegentiam</span> <span class='ocrx_word' id='word_1_114' title='bbox 402 1696 555 1780; x_wconf 83' lang='lat' dir='ltr'>reddidit3</span> <span class='ocrx_word' id='word_1_115' title='bbox 578 1698 703 1761; x_wconf 90' lang='lat' dir='ltr'>malunt</span> <span class='ocrx_word' id='word_1_116' title='bbox 727 1695 813 1760; x_wconf 91' lang='lat' dir='ltr'>enim</span> <span class='ocrx_word' id='word_1_117' title='bbox 836 1697 992 1762; x_wconf 87' lang='lat' dir='ltr'>disserere</span> <span class='ocrx_word' id='word_1_118' title='bbox 1014 1697 1097 1761; x_wconf 92' lang='lat' dir='ltr'>nihil</span> <span class='ocrx_word' id='word_1_119' title='bbox 1118 1719 1187 1762; x_wconf 89' lang='lat' dir='ltr'>esse</span> <span class='ocrx_word' id='word_1_120' title='bbox 1248 1758 1250 1764; x_wconf 83' lang='lat'><em>.</em></span> 
     </span>
     <span class='ocr_line' id='line_1_18' title="bbox 132 1783 1187 1870; baseline -0.001 -20"><span class='ocrx_word' id='word_1_121' title='bbox 132 1787 223 1850; x_wconf 78' lang='lat' dir='ltr'>loein</span> <span class='ocrx_word' id='word_1_122' title='bbox 250 1785 402 1870; x_wconf 80' lang='lat' dir='ltr'>auspiciis</span> <span class='ocrx_word' id='word_1_123' title='bbox 431 1806 538 1868; x_wconf 83' lang='lat' dir='ltr'>quarn,</span> <span class='ocrx_word' id='word_1_124' title='bbox 565 1785 641 1868; x_wconf 94' lang='lat' dir='ltr'>quid</span> <span class='ocrx_word' id='word_1_125' title='bbox 668 1785 725 1869; x_wconf 89' lang='lat' dir='ltr'>sit,</span> <span class='ocrx_word' id='word_1_126' title='bbox 755 1784 903 1850; x_wconf 83' lang='lat' dir='ltr'>ediscere.</span> <span class='ocrx_word' id='word_1_127' title='bbox 946 1783 1030 1860; x_wconf 81' lang='lat' dir='ltr'>Quid</span> <span class='ocrx_word' id='word_1_128' title='bbox 1053 1789 1103 1849; x_wconf 88' lang='lat' dir='ltr'>est</span> <span class='ocrx_word' id='word_1_129' title='bbox 1129 1785 1187 1849; x_wconf 93' lang='lat' dir='ltr'>illo</span> 
     </span>
     <span class='ocr_line' id='line_1_19' title="bbox 181 1868 1188 1958; baseline -0.001 -19"><span class='ocrx_word' id='word_1_130' title='bbox 181 1873 324 1958; x_wconf 88' lang='lat' dir='ltr'>auspieio</span> <span class='ocrx_word' id='word_1_131' title='bbox 348 1873 496 1958; x_wconf 81' lang='lat' dir='ltr'>divinius,</span> <span class='ocrx_word' id='word_1_132' title='bbox 519 1873 605 1956; x_wconf 92' lang='lat' dir='ltr'>quod</span> <span class='ocrx_word' id='word_1_133' title='bbox 623 1873 709 1958; x_wconf 90' lang='lat' dir='ltr'>apud</span> <span class='ocrx_word' id='word_1_134' title='bbox 726 1876 759 1938; x_wconf 92' lang='lat' dir='ltr'>te</span> <span class='ocrx_word' id='word_1_135' title='bbox 777 1872 812 1937; x_wconf 96' lang='lat' dir='ltr'>in</span> <span class='ocrx_word' id='word_1_136' title='bbox 829 1868 934 1938; x_wconf 85' lang='lat' dir='ltr'>Mario</span> <span class='ocrx_word' id='word_1_137' title='bbox 959 1874 1030 1938; x_wconf 81' lang='lat' dir='ltr'>est?</span> <span class='ocrx_word' id='word_1_138' title='bbox 1054 1877 1091 1938; x_wconf 87' lang='lat' dir='ltr'>ut</span> <span class='ocrx_word' id='word_1_139' title='bbox 1113 1877 1188 1938; x_wconf 91' lang='lat' dir='ltr'>utar</span> 
     </span>
     <span class='ocr_line' id='line_1_20' title="bbox 179 1963 1227 2047; baseline -0.003 -19"><span class='ocrx_word' id='word_1_140' title='bbox 179 1963 397 2047; x_wconf 87' lang='lat' dir='ltr'>potissumum</span> <span class='ocrx_word' id='word_1_141' title='bbox 421 1967 619 2028; x_wconf 81' lang='lat' dir='ltr'>auctorate:</span> <span class='ocrx_word' id='word_1_142' title='bbox 1202 1979 1227 2019; x_wconf 80' lang='lat' dir='ltr'>n</span> 
     </span>
     <span class='ocr_line' id='line_1_21' title="bbox 224 2048 1136 2134; baseline -0.001 -19"><span class='ocrx_word' id='word_1_143' title='bbox 224 2050 297 2115; x_wconf 86' lang='lat' dir='ltr'>Hie</span> <span class='ocrx_word' id='word_1_144' title='bbox 318 2048 424 2114; x_wconf 85' lang='lat' dir='ltr'>Iovis</span> <span class='ocrx_word' id='word_1_145' title='bbox 448 2050 612 2115; x_wconf 92' lang='lat' dir='ltr'>altisoni</span> <span class='ocrx_word' id='word_1_146' title='bbox 635 2049 765 2114; x_wconf 89' lang='lat' dir='ltr'>subito</span> <span class='ocrx_word' id='word_1_147' title='bbox 788 2050 950 2134; x_wconf 90' lang='lat' dir='ltr'>pinnata</span> <span class='ocrx_word' id='word_1_148' title='bbox 974 2051 1136 2115; x_wconf 84' lang='lat' dir='ltr'>satelles</span> 
     </span>
     <span class='ocr_line' id='line_1_22' title="bbox 224 2137 1115 2222; baseline 0 -20"><span class='ocrx_word' id='word_1_149' title='bbox 224 2137 389 2203; x_wconf 86' lang='lat' dir='ltr'>Arboris</span> <span class='ocrx_word' id='word_1_150' title='bbox 413 2159 430 2202; x_wconf 94' lang='lat' dir='ltr'>e</span> <span class='ocrx_word' id='word_1_151' title='bbox 452 2141 590 2202; x_wconf 88' lang='lat' dir='ltr'>trunoo</span> <span class='ocrx_word' id='word_1_152' title='bbox 615 2138 810 2222; x_wconf 87' lang='lat' dir='ltr'>serpentis</span> <span class='ocrx_word' id='word_1_153' title='bbox 834 2138 965 2203; x_wconf 89' lang='lat' dir='ltr'>sauoia</span> <span class='ocrx_word' id='word_1_154' title='bbox 987 2160 1115 2204; x_wconf 89' lang='lat' dir='ltr'>morsu</span> 
     </span>
     <span class='ocr_line' id='line_1_23' title="bbox 225 2223 1187 2313; baseline -0.001 -22"><span class='ocrx_word' id='word_1_155' title='bbox 225 2223 405 2312; x_wconf 84' lang='lat' dir='ltr'>Subrigit</span> <span class='ocrx_word' id='word_1_156' title='bbox 446 2225 533 2311; x_wconf 86' lang='lat' dir='ltr'>ipsa</span> <span class='ocrx_word' id='word_1_157' title='bbox 574 2225 669 2289; x_wconf 88' lang='lat' dir='ltr'>feris</span> <span class='ocrx_word' id='word_1_158' title='bbox 710 2226 952 2312; x_wconf 86' lang='lat' dir='ltr'>transfigens</span> <span class='ocrx_word' id='word_1_159' title='bbox 993 2227 1187 2313; x_wconf 88' lang='lat' dir='ltr'>unguibus</span> 
     </span>
     <span class='ocr_line' id='line_1_24' title="bbox 938 2337 1099 2380; baseline -0.006 0"><span class='ocrx_word' id='word_1_160' title='bbox 938 2337 984 2380; x_wconf 91' lang='lat' dir='ltr'>an</span> <span class='ocrx_word' id='word_1_161' title='bbox 1017 2337 1099 2380; x_wconf 89' lang='lat' dir='ltr'>uem</span> 
     </span>
     <span class='ocr_line' id='line_1_25' title="bbox 226 2336 1315 2489; baseline 0.001 -22"><span class='ocrx_word' id='word_1_162' title='bbox 226 2400 498 2468; x_wconf 85' lang='lat' dir='ltr'>Semianimum</span> <span class='ocrx_word' id='word_1_163' title='bbox 531 2406 569 2467; x_wconf 89' lang='lat' dir='ltr'>et</span> <span class='ocrx_word' id='word_1_164' title='bbox 600 2403 708 2468; x_wconf 87' lang='lat' dir='ltr'>varia</span> <span class='ocrx_word' id='word_1_165' title='bbox 741 2403 914 2489; x_wconf 86' lang='lat' dir='ltr'>graviter</span> <span class='ocrx_word' id='word_1_166' title='bbox 947 2336 1094 2469; x_wconf 68' lang='lat' dir='ltr'>oeivioe</span> <span class='ocrx_word' id='word_1_167' title='bbox 1122 2404 1188 2468; x_wconf 92' lang='lat' dir='ltr'>mi·</span> <span class='ocrx_word' id='word_1_168' title='bbox 1314 2418 1315 2421; x_wconf 75' lang='grc'>’</span> 
     </span>
     <span class='ocr_line' id='line_1_26' title="bbox 941 2496 1099 2557; baseline 0 -1"><span class='ocrx_word' id='word_1_169' title='bbox 941 2496 1099 2557; x_wconf 78' lang='lat' dir='ltr'>cantem.</span> 
     </span>
     <span class='ocr_line' id='line_1_27' title="bbox 226 2578 1227 2665; baseline 0.001 -21"><span class='ocrx_word' id='word_1_170' title='bbox 226 2578 342 2656; x_wconf 80' lang='lat' dir='ltr'>Quem</span> <span class='ocrx_word' id='word_1_171' title='bbox 383 2601 422 2644; x_wconf 87' lang='lat' dir='ltr'>se</span> <span class='ocrx_word' id='word_1_172' title='bbox 462 2579 752 2664; x_wconf 89' lang='lat' dir='ltr'>intorquentem</span> <span class='ocrx_word' id='word_1_173' title='bbox 793 2580 946 2645; x_wconf 87' lang='lat' dir='ltr'>lanians</span> <span class='ocrx_word' id='word_1_174' title='bbox 982 2584 1227 2665; x_wconf 77' lang='lat' dir='ltr'>rostroque2⁵</span> 
     </span>
     <span class='ocr_line' id='line_1_28' title="bbox 892 2673 1099 2734; baseline -0.005 0"><span class='ocrx_word' id='word_1_175' title='bbox 892 2673 1099 2734; x_wconf 79' lang='lat' dir='ltr'>cruentans</span> 
     </span>
     <span class='ocr_line' id='line_1_29' title="bbox 225 2754 1313 2840; baseline 0.006 -20"><span class='ocrx_word' id='word_1_176' title='bbox 225 2754 305 2821; x_wconf 91' lang='lat' dir='ltr'>Iam</span> <span class='ocrx_word' id='word_1_177' title='bbox 329 2755 478 2821; x_wconf 88' lang='lat' dir='ltr'>satiata</span> <span class='ocrx_word' id='word_1_178' title='bbox 501 2755 662 2840; x_wconf 86' lang='lat' dir='ltr'>animos,</span> <span class='ocrx_word' id='word_1_179' title='bbox 690 2757 765 2820; x_wconf 90' lang='lat' dir='ltr'>iam</span> <span class='ocrx_word' id='word_1_180' title='bbox 788 2756 902 2821; x_wconf 90' lang='lat' dir='ltr'>duros</span> <span class='ocrx_word' id='word_1_181' title='bbox 926 2757 1011 2821; x_wconf 89' lang='lat' dir='ltr'>ulta</span> <span class='ocrx_word' id='word_1_182' title='bbox 1033 2757 1187 2822; x_wconf 89' lang='lat' dir='ltr'>dolores</span> <span class='ocrx_word' id='word_1_183' title='bbox 1312 2805 1313 2826; x_wconf 68' lang='lat'><em>2</em></span> 
     </span>
     <span class='ocr_line' id='line_1_30' title="bbox 226 2844 1313 2930; baseline 0.002 -22"><span class='ocrx_word' id='word_1_184' title='bbox 226 2844 359 2910; x_wconf 88' lang='lat' dir='ltr'>Abioit</span> <span class='ocrx_word' id='word_1_185' title='bbox 396 2844 604 2909; x_wconf 81' lang='lat' dir='ltr'>ecflantem</span> <span class='ocrx_word' id='word_1_186' title='bbox 640 2848 677 2908; x_wconf 87' lang='lat' dir='ltr'>et</span> <span class='ocrx_word' id='word_1_187' title='bbox 713 2845 926 2910; x_wconf 79' lang='lat' dir='ltr'>laceratum</span> <span class='ocrx_word' id='word_1_188' title='bbox 959 2844 1119 2930; x_wconf 83' lang='lat' dir='ltr'>adfligit</span> <span class='ocrx_word' id='word_1_189' title='bbox 1149 2847 1188 2910; x_wconf 92' lang='lat' dir='ltr'>in</span> <span class='ocrx_word' id='word_1_190' title='bbox 1312 2847 1313 2864; x_wconf 79' lang='lat'>³</span> 
     </span>
     <span class='ocr_line' id='line_1_31' title="bbox 1001 2934 1100 2998; baseline 0 0"><span class='ocrx_word' id='word_1_191' title='bbox 1001 2934 1100 2998; x_wconf 91' lang='lat' dir='ltr'>unda</span> 
     </span>
     <span class='ocr_line' id='line_1_32' title="bbox 227 3019 1189 3104; baseline 0.004 -21"><span class='ocrx_word' id='word_1_192' title='bbox 227 3019 348 3104; x_wconf 80' lang='lat' dir='ltr'>Seque</span> <span class='ocrx_word' id='word_1_193' title='bbox 367 3021 478 3086; x_wconf 92' lang='lat' dir='ltr'>obitu</span> <span class='ocrx_word' id='word_1_194' title='bbox 493 3043 512 3084; x_wconf 90' lang='lat' dir='ltr'>a</span> <span class='ocrx_word' id='word_1_195' title='bbox 527 3021 624 3086; x_wconf 89' lang='lat' dir='ltr'>solis</span> <span class='ocrx_word' id='word_1_196' title='bbox 637 3021 787 3086; x_wconf 89' lang='lat' dir='ltr'>nitidos</span> <span class='ocrx_word' id='word_1_197' title='bbox 803 3022 999 3086; x_wconf 86' lang='lat' dir='ltr'>convertit</span> <span class='ocrx_word' id='word_1_198' title='bbox 1013 3021 1059 3086; x_wconf 90' lang='lat' dir='ltr'>ad</span> <span class='ocrx_word' id='word_1_199' title='bbox 1073 3026 1189 3088; x_wconf 86' lang='lat' dir='ltr'>ortus.</span> 
     </span>
     <span class='ocr_line' id='line_1_33' title="bbox 227 3107 1190 3195; baseline 0.003 -23"><span class='ocrx_word' id='word_1_200' title='bbox 227 3107 333 3173; x_wconf 85' lang='lat' dir='ltr'>Hane</span> <span class='ocrx_word' id='word_1_201' title='bbox 364 3109 430 3173; x_wconf 96' lang='lat' dir='ltr'>ubi</span> <span class='ocrx_word' id='word_1_202' title='bbox 461 3109 713 3194; x_wconf 88' lang='lat' dir='ltr'>praepetibus</span> <span class='ocrx_word' id='word_1_203' title='bbox 745 3109 875 3194; x_wconf 89' lang='lat' dir='ltr'>pinnis</span> <span class='ocrx_word' id='word_1_204' title='bbox 908 3111 1096 3195; x_wconf 91' lang='lat' dir='ltr'>lapsuque</span> <span class='ocrx_word' id='word_1_205' title='bbox 1127 3133 1190 3176; x_wconf 90' lang='lat' dir='ltr'>vo-</span> 
     </span>
     <span class='ocr_line' id='line_1_34' title="bbox 956 3200 1101 3263; baseline 0 -1"><span class='ocrx_word' id='word_1_206' title='bbox 956 3200 1101 3263; x_wconf 91' lang='lat' dir='ltr'>lantem</span> 
     </span>
     <span class='ocr_line' id='line_1_35' title="bbox 227 3281 1229 3372; baseline -0.004 -22"><span class='ocrx_word' id='word_1_207' title='bbox 227 3281 440 3368; x_wconf 78' lang='lat' dir='ltr'>Conspexit</span> <span class='ocrx_word' id='word_1_208' title='bbox 461 3284 620 3369; x_wconf 79' lang='lat' dir='ltr'>Mariua,</span> <span class='ocrx_word' id='word_1_209' title='bbox 644 3285 766 3349; x_wconf 88' lang='lat' dir='ltr'>divini</span> <span class='ocrx_word' id='word_1_210' title='bbox 788 3286 955 3350; x_wconf 89' lang='lat' dir='ltr'>numinis</span> <span class='ocrx_word' id='word_1_211' title='bbox 980 3308 1114 3372; x_wconf 82' lang='lat' dir='ltr'>augur,</span> <span class='ocrx_word' id='word_1_212' title='bbox 1203 3305 1229 3346; x_wconf 79' lang='lat' dir='ltr'>so</span> 
     </span>
     <span class='ocr_line' id='line_1_36' title="bbox 226 3370 1189 3460; baseline 0.004 -25"><span class='ocrx_word' id='word_1_213' title='bbox 226 3370 445 3456; x_wconf 82' lang='lat' dir='ltr'>Faustaque</span> <span class='ocrx_word' id='word_1_214' title='bbox 474 3373 585 3460; x_wconf 88' lang='lat' dir='ltr'>signa</span> <span class='ocrx_word' id='word_1_215' title='bbox 613 3395 702 3438; x_wconf 88' lang='lat' dir='ltr'>suae</span> <span class='ocrx_word' id='word_1_216' title='bbox 726 3374 853 3438; x_wconf 90' lang='lat' dir='ltr'>laudis</span> <span class='ocrx_word' id='word_1_217' title='bbox 875 3375 1101 3459; x_wconf 87' lang='lat' dir='ltr'>reditusque</span> <span class='ocrx_word' id='word_1_218' title='bbox 1123 3397 1189 3440; x_wconf 91' lang='lat' dir='ltr'>no-</span> 
     </span>
     <span class='ocr_line' id='line_1_37' title="bbox 987 3462 1101 3546; baseline -0.009 -19"><span class='ocrx_word' id='word_1_219' title='bbox 987 3462 1101 3546; x_wconf 87' lang='lat' dir='ltr'>tavit,</span> 
     </span>
    </p>
   </div>
   <div class='ocr_carea' id='block_1_4' title="bbox 0 0 1320 3890">
    <p class='ocr_par' dir='ltr' id='par_1_4' title="bbox 0 0 1320 3890">
     <span class='ocr_line' id='line_1_38' title="bbox 0 0 1320 3890; baseline 0 0"><span class='ocrx_word' id='word_1_220' title='bbox 0 0 1320 3890; x_wconf 95' lang='lat' dir='ltr'> </span> 
     </span>
    </p>
   </div>
  </div>
 </body>
</html>
