2526 3880
153 135 196 199 70
463 133 512 188 DE
530 133 683 188 NATURA
701 131 857 189 DEORUM

151 301 226 345 eum
248 299 286 342 eo
310 299 438 342 summa
460 274 653 342 coniunctio.
697 273 937 341 Effeminarunt
960 278 1070 340 autem
1089 298 1170 341 eum

150 366 331 450 Iunonique
353 366 549 448 tribuerunt,
573 364 660 449 quod
681 363 765 428 nibil
789 367 839 428 est
862 385 900 431 eo
918 363 1062 429 mollius.
1101 361 1171 429 Sed

150 454 308 521 Iunonem
332 477 352 518 a
375 453 514 518 iuvando
539 452 633 517 oredo
651 452 863 517 nominatam.
900 451 998 536 Aqua
1016 452 1171 517 restabat

151 546 185 608 et
201 546 300 625 terra,
318 545 356 606 ut
374 544 484 606 essent
503 562 541 605 ex
558 539 680 604 fabulis
698 540 764 604 tria
777 561 879 627 regna
893 540 1006 605 divisa.
1039 540 1169 606 Datum

151 635 202 696 est
233 631 336 716 igitur
365 629 533 714 Neptuno,
568 629 665 693 alteri
692 626 795 712 Iovia,
829 630 868 692 ut
898 629 1029 712 volunt,
1058 629 1169 714 fratri,
1197 649 1211 689 r

152 720 353 784 maritimum
382 739 477 783 omne
499 737 654 802 regnum,
683 737 864 802 nomenque
887 717 1095 802 productum,
1128 721 1170 782 ut

150 807 315 872 Portunus
339 827 359 871 a
381 808 488 890 portu,
513 805 559 870 sie
576 803 750 889 Neptunus
773 827 794 869 a
815 804 923 870 nando
946 805 1083 890 paulum
1101 807 1170 890 pri·

65 963 67 967 ,
151 897 214 961 mis
251 893 371 960 litteris
408 892 600 958 immutatis.
655 892 797 958 Terrena
831 897 940 958 autem
973 893 1023 958 vis
1057 895 1168 958 omnis

151 988 249 1067 atque
276 985 396 1047 natura
419 981 492 1046 Diti
518 981 607 1066 patri
634 980 782 1046 dedicata
809 984 872 1065 est,
903 981 959 1066 qui
981 981 1097 1068 Dives,
1128 986 1170 1047 ut

151 1070 237 1157 apud
264 1069 406 1136 Graecos
433 1067 615 1152 Πλούτων,
648 1069 725 1155 quia
756 1073 789 1134 et
815 1069 964 1135 recidunt
992 1071 1104 1135 omnia
1131 1071 1169 1135 in
1184 1091 1210 1129 1⁰

151 1165 255 1225 terras
284 1161 318 1224 et
346 1158 495 1223 oriuntur
525 1179 542 1222 e
569 1157 676 1222 terris.
721 1154 783 1223 cui
804 1163 936 1240 nuptum
958 1160 1066 1224 dibeat
1086 1158 1169 1225 Pro-

151 1248 327 1333 serpinam,
355 1247 442 1331 quod
464 1245 663 1311 Graecorum
689 1267 809 1310 nomen
836 1249 901 1330 est3
933 1268 972 1311 ea
995 1247 1082 1312 enirn
1106 1252 1169 1332 est,

151 1358 233 1423 quae
266 1330 468 1419 Περσεφόνη
501 1333 624 1399 Graece
659 1334 863 1418 nominatur,
901 1355 999 1418 quam
1030 1335 1169 1421 frugum

83 1462 89 1473 ·
152 1445 261 1490 semen
294 1445 365 1488 esse
395 1424 512 1489 volunt
542 1421 829 1506 absconditamque
862 1423 975 1507 quaeri
1007 1445 1027 1488 a
1058 1427 1167 1490 matre

99 1529 131 1578 67
150 1515 287 1600 fingunt.
332 1511 439 1576 Mater
466 1514 576 1576 autem
600 1513 650 1576 est
673 1533 694 1575 a
716 1510 865 1597 gerendis
888 1510 1040 1596 frugibus
1065 1510 1166 1578 Ceres
1182 1532 1208 1572 15

150 1606 319 1686 tamquam
348 1598 482 1683 ‘Geres’,
514 1620 654 1683 casuque
685 1599 793 1683 prima
824 1599 937 1664 littera
962 1598 1078 1664 itidem
1106 1601 1168 1666 im·

151 1693 288 1771 mutata,
309 1691 347 1753 ut
370 1711 391 1752 a
412 1686 560 1771 Graecis3
589 1709 666 1751 nam
690 1686 731 1751 ab
754 1686 823 1751 illis
847 1709 974 1772 quoque
998 1685 1167 1776 Δημήτηρ

152 1777 245 1863 quasi
270 1772 425 1861 Γημήτηρ
455 1775 627 1840 nominata
657 1778 714 1840 est.
759 1773 832 1839 Iam
862 1775 918 1860 qui
944 1797 1067 1862 magna
1095 1799 1168 1843 rer·

151 1870 245 1949 teret,
269 1864 411 1949 Mavors,
433 1863 580 1928 Minerva
603 1866 721 1946 autem,
745 1885 827 1948 quae
849 1863 903 1928 vel
926 1863 1088 1930 minueret
1111 1867 1167 1932 rel

98 1948 338 2019 27minaretur.
384 1949 530 2036 Cumque
557 1952 592 2016 in
620 1952 770 2016 omnibus
793 1951 890 2016 rebus
913 1951 981 2016 vim
1002 1952 1168 2019 haberent
1181 1974 1205 2013 a

151 2063 337 2108 maxumam
355 2040 463 2126 prima
481 2044 514 2104 et
532 2044 686 2123 extrema,
708 2039 888 2124 prinoipem
901 2039 937 2105 in
950 2041 1167 2108 sacrificando
1259 2099 1260 2116 ,

150 2130 267 2197 Ianum
290 2150 360 2194 esse
382 2129 566 2212 voluerunt,
589 2128 676 2213 quod
698 2128 740 2214 ab
764 2127 869 2193 eundo
891 2149 1011 2193 nomen
1033 2132 1086 2194 est
1110 2130 1168 2196 du·

151 2223 254 2302 otum,
284 2239 323 2282 ex
353 2238 417 2302 quo
444 2216 656 2281 transitiones
678 2215 809 2301 perviae
834 2215 931 2280 ‘iani'
954 2216 1107 2303 foresque
1129 2219 1168 2284 in

150 2306 318 2372 liminibus
355 2305 568 2390 profanarum
604 2304 731 2369 aedium
764 2302 912 2370 ‘ianuae'
942 2305 1167 2372 nominantur.

150 2395 238 2461 Nam
264 2392 386 2459 Vestae
416 2414 537 2458 nomen
568 2415 588 2458 a
615 2392 762 2477 Graecis3
794 2415 833 2457 ea
866 2396 916 2458 est
947 2393 1046 2478 enim,
1081 2417 1166 2480 quae
1181 2413 1205 2454 re

151 2485 193 2549 ab
225 2482 293 2548 illis
316 2476 430 2546 Ἑστία
458 2481 583 2547 dieitur.
628 2479 688 2545 Vis
720 2484 831 2546 autem
860 2481 928 2545 eius
958 2481 1000 2546 ad
1027 2505 1102 2548 aras
1131 2488 1167 2549 et

149 2572 241 2638 focos
272 2569 424 2656 pertinet.
469 2569 585 2655 Itaque
617 2570 652 2634 in
683 2591 722 2634 ea
754 2569 826 2654 dea,
860 2569 946 2654 quod
974 2574 1025 2635 est
1053 2594 1167 2638 rerum

151 2664 261 2726 eustos
290 2659 504 2744 intumarum,
537 2657 642 2724 omnis
673 2660 706 2721 et
733 2656 878 2742 precatio
906 2660 940 2722 et
968 2659 1166 2726 sacrificatio
1202 2693 1211 2709 ·

96 2771 131 2822 aa
151 2753 296 2815 extrema
318 2750 377 2813 est.
414 2747 484 2813 Neo
505 2747 604 2833 longe
628 2746 747 2811 absunt
770 2745 811 2811 ab
835 2745 897 2811 hae
918 2745 953 2811 vi
976 2745 1165 2814 diPenates

150 2838 219 2903 sive
247 2859 267 2902 a
293 2856 380 2922 penu
407 2835 503 2901 ducto
533 2835 664 2900 nomine
688 2832 753 2921 (est
776 2834 861 2899 enim
886 2855 994 2919 omne,
1023 2858 1088 2921 quo
1112 2860 1165 2902 ve·
1180 2857 1205 2896 eo

151 2928 286 2991 suuntur
308 2923 465 3008 homines,
488 2921 605 3008 penus)
629 2923 697 2988 sire
721 2921 762 2986 ab
787 2945 834 3007 eo,
857 2922 944 3006 quod
966 2924 1098 3008 penitus
1116 2925 1165 2990 in-

150 3013 270 3098 sident3
298 3034 337 3078 ex
365 3034 429 3097 quo
457 3012 557 3077 etiam
585 3009 794 3097 ‘penetrales'
823 3033 844 3076 a
864 3011 971 3096 poetis
994 3017 1165 3079 vocantur.

148 3102 221 3168 Iam
243 3100 410 3186 Apollinis
432 3121 552 3165 nomen
575 3102 626 3163 est
649 3097 818 3183 Graecum,
842 3121 938 3184 quem
957 3097 1068 3166 Solem
1091 3124 1164 3168 esse
1259 3107 1260 3120 ¹

148 3190 272 3256 volunt.
304 3189 446 3254 Dianam
469 3191 580 3254 autem
598 3191 632 3252 et
645 3186 772 3252 Lunam
791 3187 926 3253 eandem
945 3209 1015 3253 esse
1033 3194 1165 3276 putant,

148 3301 222 3344 oum
245 3275 301 3342 Sol
326 3276 430 3343 dietus
454 3277 507 3360 sit,
529 3275 583 3341 vel
607 3275 684 3360 quia
707 3276 796 3340 solus
821 3298 859 3340 ex
880 3276 1032 3341 omnibus
1051 3278 1164 3344 sideri-
1179 3297 1204 3338 ee

147 3369 209 3433 bus
240 3369 290 3432 est
313 3369 425 3430 tantus
447 3365 500 3431 vel
524 3363 613 3449 quia,
643 3386 716 3428 oum
739 3367 792 3440 est
813 3367 954 3449 exortus,
977 3364 1164 3434 obscuratis
1259 3405 1260 3476 q

146 3455 299 3522 omnibus
323 3454 412 3520 solus
437 3455 582 3539 apparet,
605 3451 740 3518 Lunaa
758 3452 894 3518 lucendo
912 3453 1084 3520 nominata
1103 3456 1165 3542 sit3
1259 3483 1260 3510 1
