2578 3874
372 143 439 197 nin.
458 141 506 196 1v.
527 139 605 196 anP.
623 146 701 195 s-a
720 145 735 206 s
754 145 832 194 s-s.
1043 137 1106 201 357

95 286 228 352 homine
250 286 355 350 nobili
377 285 581 368 blanditiam,
604 283 871 367 adsentationem,
895 281 1109 347 ambitionem

83 373 120 458 ·†
134 397 240 440 meam
264 395 334 438 esse
357 374 511 439 levitatis.
546 373 645 456 (Non.
662 394 697 456 p.
714 377 786 438 194.
809 374 878 457 27.)

163 463 289 528 Intuere
314 463 482 545 puella-turn
507 463 591 544 ipsos
615 463 655 526 ele
682 482 716 525 re
738 461 864 542 publiea
891 459 997 537 libros,
1029 459 1111 523 uncle

95 551 188 616 illurn
210 551 363 632 aelfestum
385 551 593 616 amantissimi
610 551 685 614 oiuis
702 549 828 627 ebibisti,
850 550 932 631 quael
947 547 1054 612 nullus
1070 548 1112 611 sit

67 641 218 722 spaerae
249 639 424 705 eonsulemi
452 641 561 704 modus
587 644 643 702 aut
667 639 742 721 pinis
769 636 868 715 bonis,
899 637 1032 718 intuere,
1064 635 1111 700 ob·

95 748 178 794 serra
202 733 238 807 te,
259 733 289 794 et
309 748 403 806 earne,
425 729 552 809 quantis
573 727 618 792 ibi
640 727 784 792 laudibus
803 725 973 808 frupalitus
995 729 1024 788 et
1040 743 1111 788 aon·

97 817 229 882 tinentia
259 817 455 899 praedicetur
490 820 519 880 et
554 835 627 897 erpa
658 814 817 897 eoniupale
847 814 1005 878 aineulurn
1035 813 1111 895 fides

96 906 243 986 nuntiare,
269 904 387 969 bonesti
413 924 450 969 aa
466 902 559 986 probi
580 924 687 970 rnores
723 900 932 986 (Annustiuus
954 902 1038 984 epist.
1061 905 1111 966 91.

99 993 176 1058 3T.
199 992 245 1056 ΙΙ
257 1013 293 1075 p.
314 996 382 1059 223
403 991 535 1075 Bened.)

56 1117 84 1157 a
165 1098 214 1163 n.
238 1098 362 1163 Tullius
389 1099 426 1163 a
451 1119 486 1162 u
507 1097 592 1179 aare.
616 1097 760 1163 uo.1r.·
787 1096 956 1180 Adnitar,
980 1114 1040 1158 na
1062 1059 1150 1186 a}

98 1208 173 1251 rum
199 1187 320 1271 solum,
348 1186 404 1251 sed
427 1186 601 1250 verborum
624 1185 723 1249 etiam
748 1184 955 1270 elegantiam.
992 1180 1027 1246 Si
1048 1180 1112 1246 iur-

99 1278 195 1362 gant,
216 1274 332 1360 inquit.
368 1273 599 1339 Benivolorum
624 1274 832 1357 concertatio,
854 1294 922 1336 non
943 1271 985 1335 lis
1008 1270 1113 1334 inimi-

98 1385 221 1447 eorum,
243 1363 386 1449 iurgium
405 1362 531 1428 dieitur,
568 1362 613 1426 Et
629 1363 665 1426 in
683 1363 833 1443 sequenti:
856 1357 992 1446 Iurgare
1010 1359 1113 1444 igitur

98 1453 153 1516 lex
170 1455 267 1536 putat
285 1451 371 1515 inter
391 1473 425 1516 se
439 1450 573 1533 vicinos,
591 1471 657 1514 non
671 1449 812 1535 litigare.
835 1447 932 1530 (Non.
937 1469 972 1531 1).
980 1453 1045 1512 430
1054 1446 1113 1529 sq.)

58 1577 86 1617 15
169 1556 218 1622 Μ
242 1556 366 1621 Tullius
394 1559 431 1622 de
456 1576 490 1620 re
511 1557 597 1638 publ.
625 1555 675 1620 leb.
697 1556 767 1620 IV:
800 1554 929 1619 eosdem
956 1553 1113 1617 terminos

98 1644 270 1709 hominum
294 1665 389 1709 surse
413 1648 510 1728 atque
533 1644 630 1728 uitae,
654 1645 700 1709 sio
722 1643 889 1728 pontificio
908 1643 978 1707 iure
997 1642 1113 1706 saneti-

99 1733 179 1798 tudo
204 1733 399 1818 sepulturae.
435 1732 533 1816 (Non.
552 1754 586 1814 p.
608 1737 681 1798 174.
703 1733 748 1816 5.)

166 1839 215 1905 Μ.
246 1838 370 1904 Tullius
399 1841 436 1904 de
466 1859 500 1903 re
522 1839 609 1920 publ.
638 1838 688 1903 lib.
715 1837 785 1901 IV:
818 1836 904 1920 quod
931 1837 1113 1922 insepultos

11 2002 13 2006 ¹
100 1925 311 2010 reliquissent
334 1948 399 2009 eos,
423 1948 503 2010 quos
527 1948 545 1991 a
567 1926 650 1990 mari
669 1929 803 2010 propter
822 1925 889 1989 vim
907 1925 1113 2010 tempestatis

55 2037 85 2076 eo
100 2015 248 2100 excipere
270 2036 338 2078 non
359 2015 553 2099 potuissent,
574 2015 762 2079 innoeentes
785 2013 980 2078 necaverint.
1014 2013 1114 2096 (Non.

93 2125 128 2187 p.
151 2107 226 2170 293.
248 2106 294 2169 24
316 2103 422 2182 Mera,
444 2108 519 2169 293.
541 2107 585 2168 43
609 2103 730 2186 erieb.)

167 2209 216 2274 Μ.
242 2209 364 2275 Tullius
385 2211 421 2274 cle
442 2230 477 2273 re
492 2209 578 2290 publ.
602 2208 651 2272 lib.
669 2208 739 2273 IV:
767 2230 826 2274 neo
852 2208 887 2273 in
909 2208 971 2274 hae
994 2207 1114 2272 dissen-

100 2297 194 2363 sione
222 2297 350 2383 suscepi
375 2294 490 2383 pop'uli
517 2318 662 2381 causam,
689 2297 746 2362 sed
768 2298 937 2362 bonorum.
974 2297 1114 2378 (Nonius

57 2494 86 2534 25
170 2473 232 2540 aa.
258 2476 295 2540 in
317 2474 340 2539 1
343 2474 375 2539 V
396 2475 433 2540 ele
457 2495 491 2539 re
513 2473 615 2556 publ:
646 2471 724 2540 Non
755 2473 841 2538 enim
867 2471 964 2537 facile
991 2471 1114 2537 valenti

102 2564 226 2649 populo
249 2562 423 2647 resistitur,
447 2563 476 2627 si
499 2566 556 2627 sut
577 2561 661 2626 nihil
683 2562 763 2628 iuris
786 2559 955 2645 impertias
980 2564 1037 2624 aut
1059 2582 1114 2644 pa·

101 2673 185 2716 rum.
220 2651 420 2734 (Priscianus
442 2650 513 2716 XV
530 2656 560 2715 4.
583 2655 628 2717 20
646 2672 678 2734 p.
703 2655 754 2716 76.
775 2654 818 2715 14
839 2648 964 2733 Hertz.)

168 2757 217 2823 M.
240 2757 362 2823 Tullius
383 2759 420 2822 de
439 2777 474 2822 re
490 2757 575 2838 publ.
594 2757 644 2822 lib.
662 2755 734 2822 IV:
758 2753 818 2820 Oui
837 2754 968 2839 quidem
985 2753 1113 2819 utinam

101 2866 178 2911 vere
205 2843 347 2911 fideliter
373 2843 611 2930 †abundiente
639 2843 877 2930 auguraverim.
922 2842 1062 2926 (Nonius
1078 2864 1114 2925 p.

58 2939 175 2999 ³0469.
197 2934 265 3017 14.)

170 3022 308 3088 Frustra
329 3023 386 3089 boe
406 3023 595 3088 mebnante
618 3021 772 3100 OE'enone,
794 3022 849 3103 qui
870 3040 940 3086 euru
961 2982 1152 3108 419022ὼὲ

101 3114 220 3194 afferet:
247 3110 301 3176 Ao
327 3132 408 3196 quos
436 3133 509 3177 eum
537 3111 687 3195 secessit,
711 3111 826 3191 inquit,
853 3109 977 3175 elamor
1004 3111 1038 3172 et
1061 3108 1114 3173 ad·

101 3198 255 3284 probatio
284 3199 399 3285 populi
431 3199 524 3284 quasi
556 3199 668 3285 magni
697 3198 864 3263 cuiusdam
893 3201 927 3261 et
956 3196 1112 3281 sapientis

102 3287 269 3373 magistri,
297 3309 377 3372 quas
400 3288 451 3353 illi
474 3288 639 3353 obducunt
662 3287 827 3371 tenebras,
851 3306 932 3370 quos
954 3284 1114 3350 invehunt

59 3393 88 3434 ³⁵
103 3379 225 3460 metus,
257 3397 338 3460 quas
365 3376 570 3442 inflammant
597 3375 806 3461 cupiditates!
842 3375 1052 3459 (Anaustinus
1077 3375 1114 3437 ue

102 3467 156 3530 eiu.
179 3466 229 3530 dei
251 3464 298 3529 ΙΙ
315 3469 357 3529 14
379 3465 453 3550 ent.)
