2596 3882
198 161 264 226 286
557 161 605 216 DE
624 161 672 215 RE
690 159 847 216 PUBLIOA

198 305 336 370 Zethum
362 307 456 370 illum
478 305 611 370 Pacuvii
636 306 734 370 nimis
756 304 923 371 inimicum
947 305 1113 371 doctrinae
1135 327 1210 370 esse

198 394 339 479 dicebat;
361 395 468 479 magis
487 417 560 458 eum
580 394 762 459 delectabat
775 392 1010 478 Neoptolemus
1024 394 1131 477 Ennii,
1151 396 1210 478 qui

197 510 225 564 p.
245 485 310 564 181]
339 504 374 548 se
402 483 448 547 ait
477 482 768 567 ‘philosophari
792 481 796 564 1
821 482 937 566 velle,
968 482 1033 547 sed
1058 483 1210 567 paucis3

197 593 283 635 nam
311 571 462 636 omnino
488 569 588 634 haud
610 569 791 655 placere'.
832 567 954 645 Quodsi
977 570 1086 634 studia
1108 569 1209 635 Grae

198 681 309 724 corum
336 680 394 724 vos
421 661 518 722 tanto
543 679 639 744 opere
663 658 837 742 delectant,
865 662 941 723 sunt
964 658 1029 723 alia
1052 659 1210 723 liberiora
1237 677 1249 717 s

198 752 231 811 et
253 746 420 811 transfusa
442 746 551 828 latius,
574 767 658 831 quae
679 746 731 812 vel
755 746 796 811 ad
816 767 911 811 usum
929 747 1016 811 vitae
1034 747 1087 812 vel
1106 746 1209 811 etiam

198 835 239 900 ad
256 835 363 920 ipsam
381 856 451 899 rem
468 834 634 919 publicam
652 834 797 900 conferre
815 856 997 919 possumus.
1029 833 1117 899 Istae
1137 835 1209 919 qui·

193 923 271 988 'dem
294 926 396 1005 artes,
419 923 447 986 si
470 922 566 987 modo
590 922 713 1007 aliquid
735 923 858 1006 valent,
881 925 917 988 ec
936 924 1047 1001 uolent,
1069 927 1107 987 ut
1129 945 1209 1007 pau·

197 1011 265 1076 lum
298 1013 416 1075 acuant
445 1013 478 1075 et
505 1013 673 1094 tamquam
701 1010 837 1074 inritent
863 1009 996 1094 ingenia
1022 1033 1208 1096 puerorum,

146 1159 187 1222 19
197 1120 262 1183 quo
284 1098 412 1164 facilius
435 1099 563 1183 possint
586 1099 711 1164 maiora
733 1098 864 1199 discere.
921 1185 929 1200 ·
1189 1188 1196 1200 ι
1222 1118 1248 1158 ro

145 1235 178 1284 ³¹
197 1185 1000 1361 tullaljttttttddaltdhtttl
1027 1190 1074 1340 l?
1088 1187 1207 1340 aliid

197 1363 379 1429 mehercule
407 1366 440 1428 et
467 1367 656 1428 contemnar
683 1386 703 1428 a
730 1367 763 1427 te
789 1362 944 1446 fortasse,
976 1386 1050 1428 cum
1076 1367 1114 1428 tu
1140 1364 1208 1428 ista

197 1452 350 1518 caelestia
373 1452 412 1516 de
430 1448 579 1536 Scipione
599 1451 784 1536 quaesieris
807 1472 868 1538 ego
888 1455 997 1516 autem
1015 1451 1103 1535 haec,
1123 1474 1208 1537 quae

196 1539 347 1606 videntur
379 1543 454 1604 ante
486 1539 597 1605 oculos
625 1561 708 1624 esse,
740 1540 846 1626 magis
873 1543 985 1625 putem
1013 1541 1206 1624 quaerenda.
1221 1559 1247 1598 1⁵

197 1626 281 1704 Quid
304 1627 390 1692 enim
411 1627 494 1692 mihi
515 1627 551 1692 L.
574 1627 669 1692 Pauli
691 1649 806 1712 nepos,
833 1627 896 1692 hoc
919 1629 1092 1712 avunculo,
1115 1629 1207 1693 nobi-

196 1716 323 1781 lissima
344 1715 380 1779 in
401 1715 528 1780 familia
551 1719 649 1800 atque
671 1715 706 1780 in
728 1715 789 1781 hac
812 1719 882 1780 tarn
904 1715 1051 1781 clarere
1074 1716 1208 1801 publica

196 1808 306 1886 natus,
339 1803 479 1888 quaerit,
512 1826 575 1888 quo
604 1804 700 1869 modo
730 1804 793 1869 duo
824 1805 909 1869 soles
937 1803 1000 1869 visi
1028 1804 1109 1887 sint,
1139 1826 1208 1869 non

198 1892 337 1976 quaerit,
368 1914 425 1956 cur
452 1891 487 1955 in
516 1915 581 1957 una
609 1914 645 1956 re
671 1891 803 1976 publica
830 1892 893 1957 duo
921 1895 1052 1957 senatus
1080 1895 1114 1956 et
1142 1893 1206 1958 duo

196 2009 223 2060 p.
239 1983 304 2062 213]
328 2001 430 2065 paene
449 1980 516 2045 iam
534 1979 648 2065 populi
667 1980 754 2045 sint?
782 1979 878 2064 Nam,
900 1984 938 2044 ut
956 1979 1092 2067 vildetis,
1115 2003 1205 2046 mors
1219 1999 1245 2038 20

197 2068 319 2133 Tiberii
333 2067 471 2133 Gracchi
490 2072 523 2133 et
540 2068 607 2132 iam
626 2071 701 2132 ante
719 2071 792 2132 tota
808 2067 900 2132 illius
918 2068 1003 2133 ratio
1017 2069 1217 2134 tribunatus-

197 2156 308 2222 divisit
336 2157 494 2242 populum
523 2179 623 2220 unum
649 2156 683 2219 in
711 2156 790 2220 duas
818 2156 937 2241 partis;
969 2157 1205 2222 obtrectatores

197 2249 307 2311 autem
330 2248 363 2310 et
385 2245 487 2308 invidi
510 2241 668 2329 Scipionis
691 2244 795 2309 initiis
817 2244 913 2310 factis
937 2243 1009 2309 aP.
1029 2242 1148 2310 Crasso
1172 2249 1205 2310 et

196 2332 305 2419 Appio
328 2331 464 2398 Claudio
491 2336 603 2397 tenent
629 2332 733 2397 nihilo
761 2332 868 2397 minus
895 2333 963 2397 illis
990 2332 1129 2398 mortuis
1158 2355 1205 2398 se

196 2425 292 2486 natus
325 2421 463 2485 alteram
495 2426 622 2506 partem
655 2421 916 2485 dissidentem'a
947 2421 1040 2486 vobis
1073 2423 1204 2486 auctore
1219 2439 1244 2480 ²⁵

195 2510 330 2582 Metello
353 2513 387 2574 et
403 2508 439 2574 P.
453 2508 560 2574 Mucio
578 2531 682 2593 neque
699 2509 794 2593 hunc,
817 2509 873 2594 qui
891 2531 973 2574 unus
991 2513 1110 2593 potest,
1132 2531 1205 2575 con-

196 2598 306 2663 citatis
338 2597 435 2663 sociis
467 2601 501 2662 et
531 2598 661 2662 nomine
688 2596 820 2682 Latino,
851 2597 1035 2662 foederibus
1063 2597 1204 2680 violatis,

195 2715 222 2766 p.
243 2689 308 2768 214]
336 2682 526 2770 triumvilris
553 2685 808 2751 seditiosissimis
837 2685 960 2770 aliquid
987 2685 1105 2751 cotidie
1128 2686 1205 2750 novi

195 2774 419 2857 molientibus,
441 2774 536 2838 bonis
559 2773 637 2838 viris
662 2773 906 2858 [locupletibus]
930 2773 1129 2859 perturbatis
1152 2773 1203 2838 his

144 2876 177 2924 aa
195 2867 266 2928 tam
288 2861 479 2947 periculosis
502 2861 598 2926 rebus
622 2861 793 2927 subvenire
815 2862 992 2946 patiuntur.
1034 2859 1138 2936 Quam
1161 2862 1203 2926 ob
1218 2880 1243 2919 ³⁰

196 2972 279 3034 rem,
307 2950 335 3014 si
358 2972 410 3014 me
434 2949 584 3034 audietis,
614 2951 848 3034 adulescentes,
875 2950 978 3014 solem
1002 2950 1142 3015 alterum
1163 2972 1203 3014 ne

196 3037 392 3121 metueritis3
415 3041 472 3102 aut
495 3037 581 3102 enim
603 3039 712 3102 nullus
737 3059 807 3102 esse
829 3041 948 3122 potest,
971 3041 1028 3102 aut
1051 3037 1095 3102 sit
1117 3059 1203 3119 sane,

196 3129 234 3190 ut
255 3126 345 3191 visus
369 3129 428 3211 est,
450 3125 546 3190 modo
569 3147 610 3189 ne
634 3125 677 3189 sit
700 3125 867 3209 molestor,
890 3130 948 3190 aut
966 3126 1047 3191 scire
1065 3125 1202 3190 istarum
1287 3167 1288 3180 κ

196 3235 305 3278 rerum
327 3212 410 3278 nihil
433 3218 504 3297 aut,
527 3213 657 3278 etiamsi
679 3213 818 3278 maxime
841 3213 992 3298 sciemuS,
1014 3235 1073 3278 nec
1094 3214 1203 3278 melio-

196 3322 248 3365 res
278 3301 320 3367 ob
351 3322 422 3366 eam
450 3301 620 3366 scientiam
646 3322 705 3366 nec
731 3301 893 3367 beatiores
921 3323 991 3366 esse
1017 3323 1203 3386 possumus3
1216 3319 1241 3360 a

195 3416 224 3466 p.
243 3391 309 3468 215]
334 3389 491 3472 senaltum
513 3410 590 3454 vero
614 3392 647 3453 et
669 3390 826 3473 populum
844 3394 881 3454 ut
899 3412 999 3454 unum
1017 3389 1203 3473 habeamus,

197 3480 230 3539 et
252 3475 323 3540 fieri
343 3479 467 3560 potest,
490 3479 524 3540 et
546 3477 780 3561 permolestum
803 3480 867 3562 est,
890 3477 955 3543 nisi
977 3477 1028 3561 fit,
1055 3480 1089 3542 et
1111 3499 1202 3544 secus
