2578 3874
570 167 619 221 DE
638 167 794 222 LEGIBUS

368 437 485 536 DE
558 433 1001 536 LEGIBUS

529 615 651 675 traua
672 605 833 694 paruus

630 772 737 780 a—-a

475 895 891 958 ARGUMENTUM.

231 1028 329 1086 Cicero
347 1031 498 1100 postquam
516 1046 566 1084 sex
583 1028 664 1084 libris
682 1029 719 1084 de
736 1045 767 1084 re
784 1027 900 1099 publica
913 1027 1035 1098 scriptis,
1055 1043 1139 1097 quem
1154 1029 1193 1080 ad
1281 1093 1285 1106 1

175 1103 292 1157 modum
315 1100 370 1155 sibi
392 1117 437 1155 res
460 1101 575 1170 publica
594 1099 792 1154 constituenda
809 1115 842 1152 ac
860 1099 984 1168 regenda
995 1115 1063 1158 ¹esse
1081 1097 1193 1152 videre-

175 1175 231 1239 tur,
249 1171 404 1242 explicavit
421 1171 548 1225 Platonis
565 1171 686 1226 maxime
705 1169 864 1240 exemplum
883 1171 1003 1235 secutus,
1022 1171 1076 1224 hoc
1091 1169 1193 1224 eodem

177 1243 292 1297 auctore
310 1241 430 1298 totidem
448 1241 528 1296 libris
547 1241 634 1297 etiam
653 1241 688 1294 de
706 1241 831 1311 legibus,
850 1257 921 1308 quae
940 1240 970 1293 iu
989 1239 1105 1294 civitate
1124 1255 1142 1292 a
1161 1255 1192 1294 sa

177 1313 334 1368 constituta
352 1312 521 1368 obtinendae
539 1315 641 1378 essent,
661 1327 732 1380 quae
752 1328 802 1365 sua
821 1313 896 1366 esset
914 1309 1062 1377 sententia,
1081 1309 1193 1380 aperire

176 1383 276 1440 voluit.
314 1383 396 1448 Quod
413 1385 609 1452 argumentum
626 1383 668 1436 ita
684 1383 849 1452 persecutus
868 1381 919 1448 est,
938 1383 1018 1435 utin
1036 1379 1189 1448 colloquio,

177 1454 253 1524 quod
279 1453 363 1524 fingit
390 1471 419 1508 se
447 1470 511 1508 cum
539 1453 642 1518 Quinto
670 1452 756 1507 fratre
784 1454 814 1508 et
839 1451 937 1506 Attico
965 1468 1015 1506 suo
1037 1468 1061 1504 a
1085 1467 1111 1504 u.
1137 1457 1191 1506 *102

177 1526 227 1579 aut
246 1531 297 1580 703
316 1525 430 1579 ineunte
448 1523 589 1590 habuisse,
608 1541 672 1579 eum
689 1523 783 1578 locum
801 1523 995 1593 pertractaret.
1030 1521 1134 1576 Eorum
1147 1522 1192 1576 ta·

129 1627 130 1630 =
176 1613 242 1650 men
264 1595 400 1650 librorum
422 1610 479 1648 non
501 1596 665 1648 manserunt
686 1594 742 1648 nisi
763 1595 834 1663 tres,
858 1593 940 1661 eique
963 1609 1019 1647 non
1037 1591 1143 1661 integri
1161 1593 1193 1646 et

177 1665 354 1720 librariorum
379 1665 518 1720 erroribus
548 1665 631 1719 valde
661 1665 792 1734 corrupti.
834 1663 872 1717 Et
898 1663 929 1717 in
956 1663 1047 1733 primo
1075 1661 1192 1730 quidem

177 1737 250 1790 libro
275 1735 371 1793 cicero
398 1735 552 1807 praemisso
579 1735 723 1816 prooemio
750 1735 872 1804 primum
894 1735 1024 1788 naturam
1046 1733 1115 1787 iuris
1144 1749 1191 1786 ex·

177 1806 268 1878 plicat
289 1823 406 1874 eamque
428 1806 464 1860 ab
487 1805 609 1860 hominis
633 1807 734 1859 natura
754 1805 871 1875 repetit,
895 1804 997 1858 deinde
1020 1803 1191 1870 considerat,

178 1875 279 1946 quibus
297 1876 407 1946 legibus
427 1875 527 1930 civitas
546 1875 607 1946 regi
625 1877 739 1944 debeat,
759 1875 879 1943 denique
897 1876 967 1930 haec
985 1876 1098 1942 tractat,
1117 1890 1191 1942 quae
1280 1933 1285 1952 Ι

178 1946 335 2016 composita
357 1947 387 2000 et
410 1945 547 2016 discripta
568 1949 650 2002 erant
671 1946 733 2000 iura
750 1947 780 2000 et
797 1946 875 1999 iussa
891 1945 1072 2016 populorum,
1095 1943 1127 1998 in
1144 1943 1191 1997 his

177 2017 264 2071 etiam
281 2016 381 2088 populi
398 2016 518 2071 Romani
536 2016 588 2083 ius,
608 2017 683 2086 quod
702 2016 786 2070 civile
805 2015 910 2070 dicitur
928 2021 999 2086 (cap.
1019 2019 1055 2086 5).
1086 2015 1120 2068 Iu
1135 2013 1191 2067 hac

177 2090 272 2142 autem
290 2087 482 2157 disputatione
500 2105 567 2142 usus
585 2088 630 2141 est
643 2087 875 2157 philosophorum
888 2102 973 2154 more,
991 2103 1048 2140 non
1061 2087 1191 2140 veterum
1284 2125 1285 2128 ¹

177 2159 291 2212 illorum
310 2157 528 2223 Socraticorum,
551 2157 783 2213 Academicorum
802 2158 832 2212 st
848 2157 1114 2227 Peripateticorum,
1139 2155 1190 2210 sed
1284 2185 1285 2220 ,

178 2246 281 2298 eorum,
301 2228 350 2310 qui
386 2227 449 2282 uasi
467 2227 593 2282 officinas
611 2228 802 2283 instruxerunt
820 2227 984 2298 sapientiae.
1016 2228 1099 2294 Nam,
1117 2241 1190 2294 quae
1284 2253 1285 2312 l

177 2301 287 2354 veteres
306 2299 351 2354 illi
401 2315 430 2353 se
449 2315 482 2352 ac
500 2298 589 2354 libere
608 2298 753 2369 disputare
770 2299 981 2364 consueverant,
1000 2314 1034 2352 ea
1048 2295 1190 2352 Ciceronis

176 2369 363 2440 temporibus,
390 2369 421 2422 in
447 2369 547 2439 primis
574 2386 591 2423 a
614 2369 729 2436 Stoicis,
757 2369 929 2423 articulatim
954 2368 1090 2422 distincta
1115 2367 1191 2422 dice·
1284 2421 1285 2424 ,

177 2441 293 2507 bantur,
317 2440 393 2508 qnod
414 2440 557 2510 negabant
580 2439 648 2494 satis
671 2441 732 2495 fieri
749 2439 815 2494 huic
834 2440 869 2494 de
887 2439 997 2510 legibus
1015 2439 1079 2494 loco
1097 2453 1191 2509 posse,
1284 2441 1285 2498 i

177 2511 234 2635 pisi
261 2509 476 2635 sepffiatimmdle
504 2510 633 2634 singplist
650 2511 791 2592 capitibus
819 2511 1190 2633 dpspumetm·(mp.·13).
1284 2499 1285 2530 ³

178 2599 319 2723 atleta
335 2597 667 2720 „finalitati
684 2596 1192 2721 &taltntffittttatt

179 2723 273 2778 omnia
294 2721 405 2777 ratione
428 2721 552 2776 iubentis
575 2724 606 2776 et
627 2723 764 2790 vetantis,
787 2739 806 2776 a
823 2738 879 2790 qua
895 2721 1041 2775 hominum
1058 2737 1127 2774 vera
1143 2721 1192 2774 lex

176 2791 382 2863 proficiscatur,
410 2809 482 2861 quaa
504 2792 543 2846 sit
564 2792 637 2848 ratio
661 2793 812 2864 sapientis,
835 2794 904 2863 apta
925 2792 963 2846 ad
984 2791 1138 2846 iubendum
1161 2792 1191 2845 et

178 2863 332 2918 retundam
355 2863 439 2931 (conf.
458 2862 507 2917 lib.
527 2863 608 2932 114).
645 2863 738 2933 Atque
757 2865 812 2918 hoc
830 2865 875 2918 est
892 2864 1088 2932 argumentum
1105 2860 1190 2916 huius

177 2933 252 3000 libri,
271 2949 388 3003 eamque
408 2933 534 2988 scholam
553 2933 637 2989 certis
652 2934 792 3004 capitibus
806 2932 966 3003 distinguit.
998 2933 1124 2988 Primum
1136 2931 1191 3002 igi·
1284 2955 1285 2962 ¹

176 3007 224 3059 tur
242 3004 325 3059 docet
343 3021 361 3057 a
379 3004 441 3072 deo,
460 3002 538 3058 cuius
556 3005 670 3059 numine
688 3021 722 3060 ae
735 3005 829 3058 mente
843 3004 938 3059 omnia
949 3005 1091 3085 regantur,
1110 3019 1192 3073 prae·
1284 3001 1285 3010 ’

179 3075 254 3138 clara
281 3075 403 3143 quadam
431 3074 596 3130 condicione
623 3077 788 3156 generatum
813 3091 874 3130 esse
895 3075 1051 3141 hommem3
1078 3075 1192 3144 praeter

177 3146 235 3199 alia
263 3145 339 3200 enim
361 3145 436 3200 bona
453 3145 508 3200 soli
526 3162 561 3199 ex
579 3162 702 3201 ommuni
720 3146 905 3200 animantium
923 3144 1071 3215 generibus
1090 3160 1124 3198 ac
1141 3161 1191 3198 na-
1284 3131 1285 3200 Ῑ

177 3215 249 3269 turis
267 3215 433 3270 attributam
452 3231 513 3271 esse
531 3216 678 3284 rationem,
697 3233 846 3285 quaecum
859 3216 1016 3272 adoleverit
1029 3217 1114 3284 atque
1128 3232 1192 3284 per-

178 3285 255 3339 fecta
282 3285 332 3352 sit,
361 3285 502 3355 sapientia
523 3286 694 3355 nominetur,
722 3288 755 3340 ut
777 3287 886 3341 homini
909 3304 973 3341 cum
995 3286 1048 3340 deo
1071 3285 1192 3340 rationis
1284 3343 1285 3346 ,

179 3355 300 3410 societas
324 3355 362 3409 sit
385 3359 426 3422 et,
454 3356 521 3425 quia
544 3357 617 3410 ratio
640 3356 687 3411 lex
709 3357 759 3423 sit,
788 3357 947 3412 communio
970 3356 1038 3410 iuris
1062 3358 1092 3410 et
1110 3356 1192 3425 quasi

180 3424 317 3491 quaedam
335 3426 479 3494 adgnatio,
499 3426 575 3494 quod
593 3443 610 3481 a
628 3427 681 3482 deo
700 3427 773 3481 ratio
788 3427 826 3482 sit
839 3428 1005 3497 ingenerata
1018 3433 1087 3497 (cap.
1100 3432 1191 3497 1-9).

178 3493 287 3548 Deinde
311 3495 437 3549 ostendit
455 3500 527 3566 (cap.
548 3504 593 3566 10,
614 3501 658 3560 11)
676 3498 821 3552 hominum
838 3498 913 3552 inter
929 3498 1007 3568 ipsos
1026 3514 1088 3552 esse
1106 3513 1192 3568 prop·
1284 3491 1285 3558 ἶ
