2610 3894
224 140 227 146 '
339 137 407 193 ΗΒ.
426 137 461 194 Il.
485 137 563 192 cAP.
583 144 697 194 16—19.
720 144 736 203 ᾖ
754 144 869 194 44-49.
1066 138 1110 203 63

93 281 280 367 cylindrum
304 284 337 347 et
359 281 562 366 pyramidem
579 282 800 367 pulchriorem
819 303 918 367 quam
936 281 1110 367 sphaeram

93 371 207 436 rideri.
243 369 377 436 Novum
396 370 497 434 etiam
516 371 685 436 oculorum
701 371 856 436 iudicium
873 369 1012 436 habetis.
1047 368 1110 436 Sed

93 460 163 524 sint
184 459 252 524 ista
274 457 465 544 pulchriora
488 458 658 524 dumtaxat
681 462 824 545 aspectu,
850 459 937 544 quod
958 459 1040 524 mihi
1062 462 1110 524 ta

94 570 172 612 men
188 548 298 632 ipsum
316 568 384 612 non
400 547 543 630 videtur,
567 547 644 631 quid
660 547 747 612 enim
760 547 927 632 pulchrius
943 569 981 613 ea
994 548 1110 634 figura

66 657 180 721 equae
200 636 273 701 sola
291 634 397 700 omnis
417 634 499 700 alias
517 635 640 720 figuras
660 637 829 720 complexa
842 636 996 721 continet,
1015 657 1110 720 quae

93 746 159 808 quc
186 723 271 788 nihil
298 723 487 808 asperitatis
510 722 644 807 habere,
671 723 755 788 nihil
778 724 967 789 offensionis
989 725 1110 810 potest,

92 812 180 877 nihil
198 811 339 877 incisum
357 811 497 898 angulis,
519 811 603 876 nihil
622 811 833 897 anfractibus,
855 812 940 877 nihil
954 812 1110 895 eminens,

92 900 180 966 nihil
213 897 426 966 lacunosum?
464 921 601 984 cumque
634 901 716 966 duae
746 900 872 966 formae
903 903 1109 986 praestantes

94 989 174 1072 sint,
197 1009 237 1052 ex
259 987 374 1054 solidis
397 988 516 1075 globus
538 985 601 1074 (sic
624 989 710 1052 enim
733 1000 882 1073 σφαῖραν
900 988 1111 1074 interpretari

55 1101 79 1140 ιο
92 1074 229 1162 placet),
252 1099 292 1141 ex
308 1076 417 1161 planis
436 1080 547 1141 autem
565 1076 704 1142 circulus
723 1081 781 1142 aut
798 1077 897 1161 orbis,
920 1077 977 1161 qui
989 1073 1111 1152 κύκλος

94 1163 221 1230 Gracco
244 1164 376 1249 dicitur,
405 1164 457 1229 his
481 1164 606 1229 duabus
628 1164 744 1230 formis
767 1165 930 1252 contingit
952 1165 1047 1250 solis,
1073 1168 1111 1230 ut

94 1274 211 1319 omncs
234 1273 345 1318 earum
363 1257 475 1338 partes
495 1252 562 1317 sint
579 1253 666 1317 inter
684 1275 719 1318 se
738 1253 935 1319 simillumae
953 1276 974 1318 a
991 1253 1111 1333 medic-

94 1363 160 1427 que
183 1340 377 1406 tantundem
399 1341 488 1406 absit
510 1344 700 1426 extremum,
723 1363 787 1427 quo
809 1341 893 1406 nihil
911 1342 983 1406 fieri
999 1344 1111 1428 potest

94 1429 217 1515 aptius.
263 1426 326 1494 Sed
348 1429 378 1494 si
399 1428 481 1495 hacc
501 1451 569 1494 non
589 1429 717 1514 vidctis,
741 1431 818 1514 quia
838 1452 1018 1515 numquam
1041 1451 1110 1495 eru-
1129 1441 1163 1492 48

54 1541 80 1582 15
95 1519 204 1583 ditum
222 1517 317 1582 illum
335 1517 503 1603 pulverem
517 1517 687 1604 attigistis,
704 1539 746 1583 ne
759 1518 822 1584 hoc
836 1519 966 1603 quidem
984 1517 1111 1604 physici

94 1607 289 1692 intellegere
311 1605 481 1690 potuistis,
508 1605 592 1672 hanc
615 1606 883 1690 aequabilitatem
906 1610 1015 1672 motus
1039 1628 1111 1672 con-

95 1695 321 1778 stantiamque
344 1694 494 1759 ordinum
517 1694 551 1758 in
573 1694 640 1759 alia
661 1695 769 1781 figura
790 1716 857 1760 non
878 1695 1026 1780 potuisse
1047 1717 1111 1760 ser-

94 1783 191 1848 vari?
236 1781 353 1866 Itaque
375 1782 458 1850 nihil
481 1785 591 1868 potest
614 1804 684 1848 esse
706 1783 879 1868 indoctius,
903 1806 1001 1868 quam
1025 1784 1112 1869 quod

95 1895 118 1938 a
140 1870 236 1937 vobis
260 1870 426 1936 adfirmari
448 1871 542 1936 solet.
580 1869 650 1937 Nec
673 1871 759 1937 enim
782 1871 868 1938 hunc
889 1871 998 1958 ipsum
1020 1895 1112 1938 mun·

53 1982 81 2022 ac
96 1961 177 2025 dum
189 1980 249 2045 pro
265 1962 353 2025 certo
367 1959 543 2024 rotundum
558 1980 629 2024 esse
644 1959 765 2044 dicitis,
778 1983 856 2025 nam
869 1982 966 2046 posse
980 1961 1060 2046 ficri,
1073 1964 1111 2026 ut

96 2048 143 2114 sit
162 2048 229 2112 alia
245 2047 362 2134 figura,
379 2047 696 2132 innumerabilesque
714 2048 852 2115 mundos
871 2049 954 2114 alios
971 2049 1111 2114 aliarum

96 2157 169 2202 csse
183 2135 373 2201 formarum.
396 2134 494 2219 Quae,
509 2135 547 2220 si,
560 2135 611 2200 bis
625 2135 704 2200 hina
718 2140 798 2220 quot
812 2141 932 2222 essent,
945 2137 1111 2203 didicisset
1129 2152 1163 2202 49

94 2223 268 2312 Epicurus,
291 2227 378 2290 certe
400 2245 467 2289 non
490 2224 622 2308 decret,
646 2224 703 2288 sed
726 2225 803 2290 dum
824 2226 948 2311 palato,
972 2226 1048 2311 quid
1067 2227 1110 2292 sit

96 2313 274 2399 optimum,
301 2312 438 2398 iudicat,
466 2311 582 2378 ‘caeli
608 2313 810 2399 palatum',
841 2318 879 2379 ut
906 2314 954 2379 ait
975 2314 1110 2399 Ennius,

54 2422 81 2463 25
95 2423 167 2468 non
198 2400 353 2487 suspexit.
397 2399 485 2466 Nam
517 2422 590 2467 cum
621 2401 685 2466 duo
718 2401 784 2466 sint
812 2423 933 2488 genera
959 2402 1110 2487 siderum,
1122 2405 1162 2470 19

96 2511 239 2575 quorum
256 2490 396 2554 alterum
416 2488 532 2575 spatiis
550 2489 799 2555 inmutabilibus
818 2490 860 2555 ab
875 2494 950 2557 ortu
964 2491 1005 2555 ad
1022 2513 1111 2556 occa-

95 2601 173 2644 sum
195 2598 380 2644 commeans
402 2578 531 2642 nullum
552 2600 708 2662 umquam
730 2599 844 2644 cursus
865 2579 916 2643 sui
933 2578 1110 2665 vestigium

93 2667 258 2750 inflectat,
286 2665 427 2732 alterum
454 2669 564 2730 autem
587 2666 757 2732 continuas
781 2667 1006 2733 conversiones
1029 2667 1110 2732 duas

93 2755 203 2820 isdem
225 2754 341 2839 spatiis
364 2753 576 2838 cursibusque
599 2755 765 2838 conficiat,
795 2776 835 2820 ex
857 2758 996 2839 utraque
1017 2776 1054 2820 re
1076 2759 1111 2820 et

54 2863 81 2903 so
94 2841 212 2909 mundi
242 2840 447 2927 volubilitas,
479 2863 562 2927 quae
587 2842 652 2907 nisi
679 2842 715 2907 in
742 2843 881 2928 globosa
905 2841 1013 2908 forma
1040 2864 1111 2909 esse

95 2953 166 2998 non
182 2934 305 3016 posset,
323 2934 357 2995 et
375 2931 545 2996 stellarum
559 2931 691 2996 rotundi
704 2931 846 2996 ambitus
862 2935 1110 3017 cognoscuntur.

94 3018 292 3103 Primusque
320 3018 383 3103 sol,
413 3019 469 3104 qui
497 3022 661 3084 astrorum
688 3023 778 3084 tenet
799 3019 1033 3106 principatum,
1061 3021 1111 3086 ita

96 3110 263 3191 movetur,
285 3109 330 3192 ut,
354 3129 426 3173 cum
450 3111 556 3172 terras
579 3107 675 3194 larga
697 3109 767 3173 luce
791 3108 1015 3194 compleverit,
1043 3131 1110 3175 eas·

97 3197 173 3261 dem
200 3195 297 3261 modo
324 3195 391 3280 his,
422 3195 519 3261 modo
546 3195 615 3260 illis
643 3196 853 3281 expertibus
877 3201 1005 3282 opacct3
1037 3197 1111 3284 ipsa

57 3301 82 3343 ss
96 3284 186 3350 enim
215 3284 333 3349 umbra
354 3287 462 3348 terrae
488 3283 552 3349 soli
575 3283 720 3350 officiens
743 3289 872 3350 noctem
896 3285 1008 3369 efficit3
1036 3307 1110 3352 noc·

95 3377 272 3438 tumorum
304 3375 413 3437 autem
444 3371 627 3456 spatiorum
648 3373 773 3448 eadem
805 3377 855 3444 est
885 3374 1110 3458 aequabilitas,

96 3482 181 3546 quac
210 3460 413 3544 diurnorum3
440 3459 647 3544 eiusdemque
675 3460 754 3526 solis
781 3465 853 3527 tum
873 3483 1020 3528 accessus
1044 3483 1111 3527 mc·
