2578 3874
187 177 254 244 374
548 178 597 232 na
615 133 838 235 acroatica

187 321 251 386 dux
283 324 317 386 et
347 321 497 407 princeps
528 326 562 386 et
590 321 777 389 moderator
802 323 963 388 luminum
989 322 1206 407 reliquorum,

186 429 278 475 mens
312 410 424 475 mundi
456 414 489 475 et
519 412 729 496 temperatio,
765 415 860 476 tanta
890 411 1132 498 magnitudine,
1165 414 1205 476 ut

186 501 303 564 cuncta
325 519 385 564 sua
407 499 478 564 luce
496 499 616 564 lustret
635 503 668 564 et
686 500 857 584 compleat
893 499 989 565 Hunc
1006 503 1045 565 ut
1062 499 1204 565 comites

186 591 428 671 consequuntur
450 584 586 652 Veneris
610 588 707 672 alter,
733 589 817 652 alter
839 587 993 653 Mercurii
1015 609 1144 670 cursus,
1168 588 1204 652 in

186 674 361 758 infimoque
390 674 469 739 orbe
495 675 574 739 luna
600 676 700 741 radiis
728 676 808 743 solis
831 697 966 742 accensa
988 675 1203 742 convertitur.
1228 697 1238 738 a
1276 685 1277 710 ³

186 762 277 828 Infra
306 766 416 829 autem
443 761 510 828 iam
535 762 618 828 nihil
645 768 696 830 est
722 764 787 830 nisi
814 764 954 830 mortale
982 767 1016 829 et
1042 764 1204 830 caducum

186 854 317 936 praeter
345 850 471 916 animos
499 873 631 917 munere
658 853 793 918 deorum
817 851 987 917 hominum
1010 852 1123 940 generi
1148 853 1204 916 da

185 943 248 1022 tos,
271 960 371 1023 supra
393 939 506 1004 lunam
529 943 606 1004 sunt
624 944 758 1006 aeterna
777 940 895 1006 omnia
932 939 1019 1006 Nam
1043 963 1091 1024 ea,
1116 961 1203 1025 quae

186 1030 238 1093 est
264 1027 371 1091 media
398 1030 431 1092 et
458 1048 558 1112 nona,
587 1029 700 1114 tellus,
726 1050 831 1113 nequo
858 1033 1008 1095 movetur
1030 1032 1064 1094 et
1085 1029 1203 1093 infima

136 1114 403 1278 18(mesthtaein
425 1136 506 1216 eam·
519 1114 802 1269 fgwturtomnia
822 1121 905 1270 nrtrtu
927 1137 986 1182 suo
1008 1117 1202 1280 Ροξιᾶᾅηξέ9
1216 1140 1237 1179 u

143 1262 253 1375 18hic,
280 1224 532 1376 intiluarirc,miqlrrins1
555 1225 861 1379 ezersuppgfflt
881 1227 1101 1359 1iaiirisiiib’as
1120 1228 1203 1358 utlan·

185 1383 239 1444 tus
268 1381 301 1443 et
327 1383 397 1444 tam
424 1378 527 1445 duleis
557 1382 679 1446 sonus?
718 1381 782 1447 Hic
805 1385 869 1465 est,
895 1381 1016 1466 inquit,
1043 1381 1115 1466 ille,
1143 1381 1203 1466 qui

185 1466 370 1532 intervallis
400 1467 579 1534 disiunctus
606 1469 790 1555 inparibus,
819 1471 876 1536 sed
901 1473 1016 1534 tamen
1041 1474 1202 1555 prorata
1276 1479 1278 1510 ⁴

186 1559 280 1640 parte
307 1555 435 1620 ratione
462 1556 625 1623 distinctis
652 1558 784 1643 inpulsu
807 1561 841 1623 et
863 1561 956 1623 motu
977 1559 1125 1642 ipsorum
1149 1579 1238 1623 or·1s

186 1643 277 1708 bium
304 1643 443 1708 efficitur
471 1648 504 1709 et
533 1649 630 1711 acuta
656 1668 729 1711 cum
756 1646 912 1731 gravibus
934 1650 1122 1731 temperans
1144 1667 1202 1710 va·

186 1731 253 1796 rios
281 1732 496 1816 aequabiliter
523 1737 697 1800 concentus
724 1734 839 1818 efficit3
865 1756 925 1800 nec
952 1733 1039 1799 enim
1066 1734 1200 1800 silentio

185 1820 272 1883 tanti
289 1824 398 1885 motus
415 1820 546 1885 incitari
563 1827 711 1906 possunt,
729 1828 763 1887 et
777 1826 896 1888 natura
908 1822 983 1906 fert,
1000 1826 1038 1887 ut
1052 1825 1201 1887 extrema

186 1929 224 1972 ex
243 1908 349 1972 altera
365 1912 459 1994 parte
478 1910 632 1994 graviter,
651 1932 689 1975 ex
709 1910 814 1976 altera
833 1915 942 1976 autem
961 1914 1055 1976 acute
1071 1914 1199 1976 sonent.

186 1994 291 2071 Quam
318 1996 361 2061 ob
388 2016 520 2062 causam
548 2019 693 2062 summus
722 1999 780 2065 ille
807 1999 890 2065 caeli
911 1999 1051 2064 stellifer
1073 2019 1199 2081 cursus,
1212 2020 1238 2060 ro

186 2083 276 2149 cuius
300 2085 468 2150 conversio
492 2088 543 2149 est
565 2085 766 2171 concitatior,
790 2091 886 2153 acuto
909 2091 944 2152 et
966 2087 1107 2152 excitato
1130 2109 1199 2152 mo·

185 2176 280 2237 vetur
310 2193 403 2256 sono,
434 2173 629 2257 gravissimo
660 2179 769 2240 autem
795 2175 849 2241 hic
876 2174 1001 2241 lunaris
1029 2178 1128 2259 atque
1150 2175 1199 2239 in·

185 2261 296 2345 fimus3
327 2283 404 2326 nam
435 2264 525 2326 terra
554 2284 641 2328 nona
671 2263 839 2328 inmobilis
867 2285 1001 2330 maneus
1028 2285 1095 2328 una
1122 2263 1197 2328 sede

186 2369 314 2435 semper
340 2348 454 2414 haeret
481 2352 649 2436 complexa
676 2352 816 2416 medium
845 2352 957 2418 mundi
979 2352 1096 2417 locum.
1141 2350 1198 2415 Illi

186 2441 295 2502 autem
318 2441 392 2503 octo
416 2459 542 2522 cursus,
569 2440 604 2503 in
627 2440 744 2525 quibus
769 2439 880 2505 eadem
902 2440 953 2505 vis
977 2444 1027 2506 est
1050 2439 1196 2523 duorum,
1209 2459 1234 2500 aa

185 2530 310 2610 septem
340 2524 486 2590 efficiunt
514 2526 684 2593 distinctos
711 2528 895 2593 intervallis
922 2549 1034 2612 sonos,
1061 2528 1118 2612 qui
1140 2550 1197 2592 nu·

185 2635 294 2678 merus
316 2635 425 2678 rerum
449 2615 594 2680 omnium
615 2615 685 2681 fere
706 2617 809 2681 nodus
832 2621 897 2701 est;
920 2617 1006 2700 quod
1029 2615 1118 2681 docti
1139 2615 1196 2680 ho-

185 2703 288 2766 mines
320 2702 429 2766 nervis
456 2702 580 2768 imitati
607 2707 704 2788 atque
731 2703 880 2769 cantibus
908 2707 1106 2790 aperuerrmt
1132 2704 1196 2768 sibi

183 2790 326 2855 reditum
352 2790 386 2855 in
414 2790 499 2855 hune
522 2790 643 2876 locum,
673 2793 757 2857 sicut
780 2792 850 2877 alii,
874 2792 931 2877 qui
952 2792 1195 2879 praestantibus

133 2893 165 2943 19
184 2878 324 2963 ingeniis
346 2877 381 2941 in
403 2877 473 2942 vita
495 2879 639 2944 humana
656 2880 766 2945 divina
784 2880 892 2946 studia
909 2881 1089 2946 coluerunt.
1124 2879 1232 2945 Hocao

185 2965 296 3031 sonitu
318 2965 470 3051 oppletae
494 2989 588 3032 aures
606 2967 775 3033 hominum
794 2969 1046 3053 obsurduerunt3
1067 2991 1128 3034 nec
1146 2971 1195 3033 est

184 3054 272 3119 ullus
290 3053 439 3118 hebetior
458 3075 571 3120 sensus
590 3056 624 3120 in
641 3057 747 3141 vobis,
766 3055 858 3140 sicut,
879 3057 935 3123 ubi
953 3056 1050 3122 Nilus
1070 3057 1109 3124 ad
1128 3057 1195 3141 illa,

186 3163 268 3226 quae
292 3140 462 3228 Catadupa
488 3144 711 3229 nominantur,
740 3146 935 3231 praecipitat
963 3168 1001 3211 ex
1025 3145 1193 3210 altissimis

185 3230 361 3311 montibuS,
385 3251 423 3294 ea
446 3252 535 3316 gens,
559 3254 641 3316 quac
663 3233 758 3297 illum
781 3234 888 3299 locum
908 3234 1038 3317 adcolit,
1061 3237 1194 3319 propter

185 3317 443 3402 magnitudinem
467 3321 593 3385 sonitus
617 3343 713 3386 sensu
736 3321 885 3386 audiendi
908 3325 1005 3388 caret.
1037 3321 1100 3387 Hic
1118 3343 1192 3386 vero
1206 3341 1231 3382 aa

185 3409 298 3469 tantus
326 3409 377 3469 est
403 3407 505 3472 totius
528 3409 640 3472 mundi
661 3409 891 3475 incitatissima
913 3410 1123 3476 conversione
1146 3431 1193 3474 so

185 3493 288 3577 nitus,
319 3497 357 3584 ut
389 3514 463 3558 eum
494 3518 588 3562 aures
619 3497 787 3562 hominum
820 3519 934 3580 capere
962 3519 1029 3563 non
1058 3498 1193 3582 possint,
