2630 3890
219 185 284 250 164
568 183 618 238 nn
636 182 879 240 mvrmnoun
1126 225 1136 257 ,

1118 273 1166 312 ae

218 330 479 416 diligentissume
502 351 555 393 res
573 328 772 394 Hannibalis
794 331 984 413 persecutus
1007 325 1086 412 est):
1108 325 1236 392 Hanni·

216 419 336 503 balem,
359 441 433 484 cum
456 418 595 502 cepisset
614 416 805 503 Saguntum,
827 417 935 482 visum
959 437 1030 480 esse
1051 417 1087 480 in
1108 415 1235 481 somnis

218 531 238 571 a
255 506 334 572 Iove
355 507 392 571 in
414 507 549 570 deorum
567 506 740 572 concilium
759 506 882 588 voeari3
905 526 968 588 quo
988 526 1061 569 cum
1079 504 1235 587 venisset,

217 593 330 661 Iovem
343 594 563 684 imperavisse,
578 597 615 658 ut
629 590 746 659 Italiae
760 594 883 658 bellum
897 592 1040 675 inferret,
1054 593 1233 677 ducemque

218 682 248 748 ei
276 705 378 747 unum
406 705 423 747 e
451 682 587 748 concilio
616 682 743 766 datum,
772 703 835 765 quo
863 681 958 745 illum
984 685 1131 745 utentem
1158 699 1264 747 cums

219 771 361 836 exercitu
382 770 537 856 progredi
560 771 718 854 coepisse,
741 773 812 834 tum
835 770 866 834 ei
889 769 1002 834 ducem
1025 770 1119 834 illum
1141 791 1234 854 prae-

136 891 140 924 ι,
219 859 357 944 cepisse,
383 880 425 923 ne
452 859 641 944 respiceret3
668 859 763 923 illum
792 861 902 922 autem
923 857 958 922 id
981 857 1102 922 diutius
1123 856 1234 922 facere

218 969 286 1012 non
320 947 467 1032 potuisse
502 947 689 1030 elatumque
721 946 899 1031 cupiditate
930 946 1125 1030 respexisse,
1161 949 1234 1010 tum

219 1033 322 1101 visam
359 1036 490 1101 beluam
523 1039 650 1100 vastam
683 1037 716 1099 ct
748 1035 922 1100 immanem
954 1034 1234 1119 circumplicatam

219 1124 434 1209 serpentibus,
458 1145 659 1208 quacumque
679 1123 850 1207 incederet,
874 1122 984 1188 omnia
1002 1124 1146 1206 arbusta,
1169 1123 1233 1187 vir-
1249 1142 1276 1181 ro

219 1213 326 1298 gulta,
353 1215 443 1277 tecta
468 1215 666 1296 pervertere,
694 1215 823 1276 etcum
847 1211 1043 1276 admiratum
1067 1213 1234 1296 quaesisse

219 1301 258 1365 de
281 1301 351 1383 deo,
374 1300 537 1384 quodnam
560 1300 643 1364 illud
665 1303 752 1365 esset
773 1301 841 1365 tale
864 1302 1061 1382 monstrum3
1084 1302 1118 1363 et
1137 1300 1235 1364 deum

218 1389 424 1474 respondisse
447 1389 636 1454 vastitatem
659 1410 730 1453 esse
752 1387 869 1452 Italiae
891 1388 1173 1473 praecepisseque,
1195 1391 1235 1454 ut

218 1479 370 1563 pergeret
392 1477 551 1561 protinus,
574 1477 651 1561 quid
673 1480 762 1542 retro
786 1481 883 1560 atque
907 1499 927 1541 a
949 1480 1043 1561 tergo
1066 1477 1169 1560 fieret,
1191 1498 1234 1540 ne
1312 1517 1313 1558 ,

167 1578 200 1626 50
219 1566 394 1630 laboraret.
430 1564 528 1649 Apud
546 1564 765 1650 Agathoclem
789 1565 946 1648 scriptum
968 1563 1002 1628 in
1022 1563 1163 1629 historia
1182 1568 1234 1629 est
1250 1581 1275 1624 1⁵

218 1652 441 1718 Hamilcarem
464 1652 789 1739 Karthaginiensem,
812 1675 885 1718 cum
908 1655 1115 1738 oppugnaret
1138 1650 1234 1737 Syra·

1 1768 2 1775 ¹
219 1763 328 1825 cusas,
354 1741 462 1806 visum
485 1763 556 1806 esse
579 1742 689 1807 audire
712 1764 837 1826 vocem,
866 1763 900 1806 se
922 1741 1080 1825 postridie
1103 1744 1235 1806 cenatu-

219 1851 292 1894 rum
310 1827 492 1914 Syracusis3
514 1852 588 1894 eum
612 1833 721 1894 autem
739 1831 767 1894 is
787 1831 854 1894 dies
872 1829 1053 1910 inluxisset,
1078 1849 1235 1918 magnam

220 1917 413 1982 seditionem
435 1918 470 1981 in
492 1919 610 1983 castris
633 1919 701 1983 eius
724 1919 811 1983 inter
827 1917 954 1983 Poenos
977 1921 1011 1982 et
1030 1914 1156 1982 Siculos
1175 1919 1234 1982 mi-
1313 1955 1314 1982 r

220 2006 295 2070 lites
329 2027 400 2071 esse
431 2005 567 2089 factam3
600 2006 686 2089 quod
718 2028 791 2072 cum
823 2007 1001 2071 sensissent
1028 2003 1234 2089 Syracusani,
1249 2026 1276 2064 20

221 2094 387 2178 inproviso
412 2115 467 2158 eos
490 2095 525 2158 in
547 2098 657 2158 eastra
679 2095 855 2179 inrupisse,
882 2094 1167 2178 Hamilcaremque
1191 2095 1233 2160 ab

219 2182 261 2246 iis
292 2182 403 2246 vivum
431 2203 501 2247 esse
529 2183 703 2247 sublatum.
749 2182 803 2248 Ita
830 2204 881 2248 res
909 2183 1071 2248 somnium
1099 2205 1235 2268 conpro

220 2269 321 2334 bavit.
365 2269 468 2334 Plena
498 2272 720 2355 exemplorum
750 2276 801 2336 est
829 2271 980 2355 historia,
1010 2276 1081 2335 tum
1111 2271 1235 2336 referta

168 2371 200 2420 tl
220 2359 289 2423 vita
313 2358 501 2423 communis.
537 2357 585 2422 At
607 2382 684 2424 vero
702 2358 738 2423 P.
756 2358 876 2425 Decius
894 2360 951 2424 ille
970 2358 1006 2435 Q.
1025 2358 1069 2444 F,
1093 2360 1150 2444 qui
1168 2361 1234 2445 pri·

220 2469 293 2512 mus
316 2469 333 2511 e
352 2446 461 2511 Deciis
484 2447 599 2511 consul
619 2446 692 2531 fuit,
715 2470 788 2513 cum
812 2451 897 2513 esset
918 2448 1070 2512 tribunus
1088 2447 1234 2513 militum
1248 2465 1276 2506 2⁵

220 2537 263 2602 M.
290 2534 423 2600 Valerio
451 2533 490 2600 A.
519 2532 671 2600 Cornelio
704 2536 891 2601 consulibus
920 2559 940 2601 a
968 2534 1234 2621 Samnitibusque

220 2627 422 2710 premeretur
444 2626 556 2688 noster
579 2624 747 2708 exercitus,
771 2647 843 2690 cum
866 2625 1011 2709 pericula
1032 2625 1234 2710 proeliorum

220 2713 318 2778 iniret
341 2711 493 2777 audacius
517 2716 779 2797 monereturque,
807 2718 844 2779 ut
867 2713 993 2778 cautior
1015 2717 1113 2797 esset,
1142 2713 1234 2799 dixit,

129 2821 132 2829 ·
221 2801 308 2885 quod
331 2804 421 2866 extat
443 2801 479 2864 in
497 2800 678 2885 annalibus,
701 2823 733 2867 sc
751 2801 814 2866 sibi
832 2802 867 2866 in
886 2801 1008 2867 somnis
1027 2801 1134 2867 visum
1153 2824 1234 2886 esse,

221 2912 295 2954 cum
316 2889 352 2953 in
374 2889 489 2954 mediis
512 2889 663 2954 hostibus
686 2893 880 2973 versaretur,
904 2891 1046 2955 occidere
1070 2913 1143 2956 cum
1167 2914 1234 2955 ma
1247 2908 1275 2948 ³0

220 2999 319 3042 xuma
350 2978 466 3064 gloria.
511 2977 556 3042 Et
587 2981 659 3043 tum
690 2979 819 3062 quidem
851 2979 1022 3043 incolumis
1055 2978 1234 3044 exercitum

221 3065 389 3130 obsidione
407 3065 574 3150 liberavit3
596 3069 673 3152 post
690 3067 868 3131 triennium
886 3070 1004 3151 autem,
1027 3089 1101 3132 cum
1120 3069 1233 3132 consul

221 3156 320 3237 esset,
349 3154 480 3219 devovit
506 3176 541 3219 se
569 3158 602 3219 et
629 3157 663 3218 in
690 3155 793 3220 aciem
814 3154 1005 3220 Latinorum
1034 3155 1159 3239 inrupit
1185 3179 1235 3221 ar·
1309 3149 1314 3172 ⁴

221 3245 338 3306 matus.
376 3241 446 3317 Quo
470 3242 539 3307 eius
561 3241 649 3309 facto
674 3243 819 3328 superati
842 3247 918 3308 sunt
941 3246 975 3308 et
997 3243 1097 3308 deleti
1113 3243 1234 3309 Latini.

222 3327 320 3393 Cuius
344 3352 432 3395 mors
455 3331 503 3395 ita
526 3330 671 3417 gloriosa
688 3331 760 3416 fuit,
783 3335 820 3398 ut
839 3331 974 3397 eandem
993 3320 1235 3417 concupisceret
1248 3348 1275 3390 ³⁵

169 3429 202 3478 52
221 3417 318 3481 filius.
363 3415 426 3482 Sed
447 3419 615 3484 veniamus
638 3442 736 3505 nunc,
760 3421 789 3485 si
810 3421 927 3506 placet,
950 3419 992 3485 ad
1015 3421 1142 3486 somnia
1163 3421 1235 3506 phi-

222 3504 444 3592 losephorum.
