2498 3880
182 149 247 215 236
531 151 580 205 DE
599 150 843 206 DIVINATIONE

181 298 308 359 autem
339 295 644 360 innumerabiles
675 295 977 379 praesensiones
1007 316 1084 361 non
1111 294 1184 360 for·

180 382 325 448 tuItaa'
367 383 414 448 At
440 405 501 470 ego
530 384 600 448 dico
623 385 750 448 nullam
773 382 874 468 (vide,
903 387 1029 467 quanta
1051 383 1094 447 sit
1115 405 1182 448 con-

180 469 369 556 troversia);
397 473 464 535 iam
490 472 717 556 adsumptione
739 493 805 536 non
828 493 982 537 concessa
1004 472 1096 536 nulla
1116 494 1183 536 con·

180 560 282 625 clusio
306 563 364 624 est.
400 562 447 624 At
468 561 671 645 impudentes
695 581 820 642 sumus,
844 560 909 644 qui,
931 582 1006 624 cum
1029 563 1097 624 tam
1117 581 1183 644 per-

181 648 328 732 spicuum
350 647 408 732 sit,
434 669 500 713 non
522 649 743 713 concedamus
784 647 868 723 Quid
890 651 941 712 est
963 648 1205 733 perspicuumls

182 735 322 800 ‘Multa
343 735 459 818 vera',
481 737 601 820 inquit,
625 735 823 802 ‘evadere'
860 734 953 820 Quid,
976 737 1064 820 quod
1085 736 1183 800 multo

180 824 277 908 plura
302 823 408 888 falsa?
445 822 561 888 Nonne
588 826 661 908 ipsa
686 825 843 908 varietas,
871 846 954 908 quaa
981 828 1032 888 est
1059 824 1184 908 propria

180 912 343 994 fortunae,
375 911 540 977 fortunam
572 934 643 976 csse
670 934 815 996 causam,
846 933 914 977 non
939 914 1093 976 naturam
1121 933 1184 976 esse

181 1000 296 1066 docet?
332 999 470 1083 Deinde,
493 1000 522 1064 si
544 1003 601 1064 tua
623 999 688 1064 ista
710 1000 889 1084 conclusio,
916 997 1087 1085 Cratippe,
1114 1021 1184 1066 vera

181 1093 232 1154 est
259 1087 381 1174 (tecum
408 1089 493 1153 enim
520 1087 602 1152 mihi
623 1110 675 1153 res
699 1087 777 1175 est),
803 1110 870 1153 non
891 1089 1057 1174 intellegis
1080 1089 1184 1153 eadem
1195 1105 1215 1143 1⁰

180 1176 230 1242 uti
251 1197 349 1261 posse
372 1180 405 1240 et
427 1177 616 1261 haruspices
639 1180 673 1242 et
694 1176 916 1263 fulguratores
940 1180 974 1241 et
996 1177 1183 1262 interpretes

181 1266 385 1330 ostentorum
417 1268 450 1328 et
479 1285 619 1350 augures
651 1268 685 1329 et
716 1265 891 1350 sortilegos
924 1268 957 1328 et
987 1263 1184 1330 Chaldaeos?

181 1375 318 1438 quorum
338 1374 492 1438 generum
509 1352 638 1417 nullum
656 1356 715 1435 est,
734 1374 773 1417 ex
792 1374 856 1436 quo
874 1374 941 1417 non
955 1353 1088 1437 aliquid,
1108 1353 1184 1418 sicut

180 1441 382 1527 praedictum
413 1441 470 1525 sit,
503 1440 651 1506 evaserit.
695 1441 785 1526 Ergo
819 1445 876 1505 aut
906 1463 944 1505 ea
977 1463 1107 1526 quoque
1139 1461 1184 1525 gc-

180 1551 260 1594 nera
282 1529 447 1594 divinandi
465 1533 549 1613 sunt,
573 1550 655 1613 quae
672 1532 710 1593 tu
728 1528 918 1594 rectissume
935 1529 1103 1614 inprobae,
1126 1531 1183 1610 aut,
1195 1541 1215 1582 1⁵

181 1620 209 1683 si
232 1640 271 1682 ea
290 1639 356 1683 non
374 1620 459 1702 sunt,
480 1639 547 1682 non
564 1617 729 1702 intellego,
752 1639 809 1682 cur
826 1617 908 1682 haec
927 1618 990 1682 duo
1009 1618 1085 1702 sint,
1110 1638 1184 1701 quae

180 1706 345 1790 relinquis.
382 1703 453 1780 Qua
475 1726 554 1790 ergo
577 1706 703 1769 ratione
726 1705 806 1786 haec
828 1705 967 1789 inducis,
997 1706 1111 1771 eadem
1132 1705 1184 1769 illa

181 1796 318 1878 possunt
341 1815 421 1877 esse,
444 1816 526 1876 quae
549 1795 649 1858 tollis.

127 1855 180 1982 {³140
247 1881 331 1957 Quid
353 1904 430 1948 vero
449 1882 549 1947 habet
568 1881 773 1947 auctoritatis
790 1880 883 1946 furor
900 1882 973 1965 iste,
997 1904 1096 1966 quem
1114 1879 1184 1946 divi·

179 1992 259 2034 num
281 1970 419 2052 vocatis,
446 1974 496 2054 ut,
525 1992 607 2054 quac
630 1969 760 2055 sapiens
781 1991 848 2034 non
870 1969 993 2054 videat,
1021 1992 1060 2036 ca
1082 1970 1214 2036 videam

180 2060 327 2143 insanus,
355 2064 388 2123 et
410 2059 453 2143 is,
481 2059 537 2143 qui
559 2058 718 2123 humanos
743 2079 856 2122 seusus
880 2058 1041 2142 amiserit,
1065 2058 1182 2124 divinos

181 2146 351 2212 adsecutus
375 2147 441 2212 sit?
480 2144 624 2231 Sibyllae
646 2167 758 2211 versus
782 2147 1003 2230 observamus,
1028 2168 1110 2231 quos
1132 2146 1183 2209 illa

179 2235 291 2300 furens
313 2235 435 2300 fudisse
459 2236 585 2301 dicitur.
629 2234 773 2310 Quorum
796 2235 956 2319 interpres
979 2256 1086 2319 nuper
1107 2234 1183 2298 falsa

181 2324 320 2409 quadam
347 2323 516 2388 hominum
538 2323 627 2388 fama
651 2323 794 2387 dicturus
817 2323 852 2386 in
875 2325 990 2387 senatu
1013 2323 1183 2407 putabatur

181 2434 268 2495 eum,
295 2433 390 2496 quem
417 2433 452 2476 re
479 2433 557 2476 vera
583 2432 694 2496 regem
715 2411 931 2493 habebamus,
959 2411 1182 2496 appellandum
1192 2419 1212 2461 ²⁵

181 2522 309 2585 quoquc
336 2522 406 2564 esse
432 2521 557 2586 regem,
586 2499 615 2564 si
642 2499 726 2564 salvi
754 2520 824 2564 esse
851 2499 1018 2563 vellemus.
1064 2499 1135 2565 Hoc
1159 2495 1182 2560 si

181 2593 231 2654 est
261 2589 296 2653 in
324 2588 432 2672 libris,
460 2589 496 2652 in
522 2609 618 2673 quem
644 2587 810 2653 hominem
837 2587 929 2652 etin
952 2587 1038 2672 quod
1061 2591 1181 2670 tempus

181 2678 253 2742 est?
285 2677 400 2742 callide
431 2677 530 2759 enim,
562 2676 618 2760 qui
646 2676 706 2740 illa
735 2675 932 2760 composuit,
964 2675 1114 2760 perfecit,
1143 2676 1182 2754 ut,

181 2765 404 2850 quodcumque
422 2765 601 2848 accidisset,
621 2763 822 2849 praedictum
840 2763 1005 2828 videretur
1022 2763 1181 2828 hominum

129 2866 179 2916 111
191 2856 224 2918 et
247 2858 430 2938 temporum
454 2852 639 2917 definitione
663 2852 802 2917 sublata.
839 2851 1000 2916 Adhibuit
1024 2852 1122 2917 etiam
1144 2850 1211 2912 la-³⁰

181 2942 308 3006 tebram
335 2941 560 3024 obscuritatis,
591 2942 628 3004 ut
654 2940 752 3004 iidem
779 2961 891 3004 versus
920 2941 1002 3005 alias
1030 2939 1066 3004 in
1092 2937 1181 3004 aliam

181 3051 250 3094 rem
276 3050 371 3114 posse
394 3028 631 3094 accommodari
653 3029 847 3092 viderentur.
888 3028 966 3094 Non
988 3050 1058 3092 esse
1083 3031 1181 3092 autem

181 3116 264 3181 illud
286 3139 416 3183 carmen
436 3116 575 3182 furentis
599 3138 671 3181 cum
694 3118 802 3200 ipsum
824 3121 942 3201 poema
965 3116 1109 3181 declarat
1124 3111 1181 3200 (est

182 3205 268 3270 enim
295 3206 401 3290 magis
429 3205 509 3270 artis
537 3208 570 3269 et
597 3205 787 3289 diligentiae
814 3226 911 3289 quam
934 3203 1133 3269 incitationis
1153 3202 1181 3264 et

182 3291 318 3376 motus),
350 3297 422 3358 tum
448 3315 525 3358 vero
554 3315 605 3376 ea,
634 3314 716 3377 quae
744 3287 933 3377 ἄκροστιχίς
960 3293 1091 3376 dicitur,
1117 3297 1211 3356 cum⁵⁵

182 3382 331 3466 deinceps
359 3403 397 3446 ex
424 3382 540 3466 primis
561 3383 663 3464 primi
690 3382 834 3464 micaque
855 3403 969 3446 versus
991 3380 1111 3446 litteris
1132 3375 1180 3441 ali·

182 3471 257 3557 quid
281 3469 469 3553 conectitur,
492 3474 530 3534 ut
551 3470 587 3534 in
606 3470 800 3553 quibusdam
818 3469 989 3535 Ennianis:
1013 3488 1045 3548 Q.
1063 3478 1179 3534 Ennms
