2630 3890
383 175 451 231 ΜΒ.
470 175 491 231 1.
516 174 592 230 OAP.
612 181 725 230 39-42.
750 179 897 241 sao-aa.
1087 173 1150 238 179

145 320 214 385 filio
237 321 278 385 ad
296 319 427 385 Troiam
450 319 667 404 proficiscenti
690 322 829 384 mortem
850 319 1049 404 praedixisse
1070 341 1154 385 oom-

147 409 328 473 memorat?
361 407 499 473 Omnino
524 407 610 493 apud
627 411 761 491 veteres,
786 407 842 491 qui
859 429 969 473 rerum
986 408 1154 494 potieban-

146 501 208 581 tur,
230 497 328 561 iidem
351 496 488 581 auguria
510 497 678 579 tenebant3
701 499 738 560 ut
761 496 847 560 enim
865 518 988 580 sapere,
1011 497 1058 561 sic
1076 495 1154 561 divi-

25 589 27 593 ’
137 606 223 650 nare
252 585 363 670 regale
394 584 562 649 ducebant.
607 583 714 648 Testis
743 586 794 648 est
819 588 933 649 nostra
960 585 1089 669 civitas,
1118 584 1154 648 in

0 726 3 731 .
119 691 215 826 agapi
238 676 271 737 et
288 694 402 826 thiobert
420 693 559 756 augures
580 675 751 824 bl'poelea
767 672 894 824 lgrivati
917 673 1034 825 eodemt
1052 694 1154 824 satcetr-

145 783 305 914 slalet.
350 782 927 934 attimidtttmtttt
942 783 1207 935 suntne

146 938 275 1022 quidem
303 937 455 1024 gentibus
482 938 633 1023 neglecta
660 940 723 1020 est,
751 937 909 1021 siquidem
932 937 1023 1002 etin
1046 935 1181 1002 Gallia'

146 1026 288 1091 Druidae
312 1029 397 1111 sunt,
420 1047 437 1090 e
456 1025 572 1110 quibus
591 1025 662 1110 ipse
680 1023 879 1091 Divitiacum
896 1024 1077 1111 Haeduum,
1099 1025 1155 1090 ho-

27 1139 28 1143 *
108 1133 133 1172 ro
148 1115 267 1200 spitem
289 1118 382 1179 tuum
405 1114 684 1198 laudatoremque,
710 1113 860 1199 cognovi,
885 1113 996 1198 qni-et
1017 1117 1155 1179 naturae

51 1241 53 1246 η
147 1203 316 1287 rationem,
340 1224 437 1286 quam
461 1204 682 1286 φυσιολογίαν
704 1200 819 1268 Graeci
842 1202 1019 1287 appellant,
1042 1206 1155 1268 notam

148 1313 218 1357 esse
241 1291 304 1356 sibi
325 1290 541 1375 profitebatur
563 1293 596 1354 et
618 1290 738 1374 partim
762 1290 916 1374 auguriis,
938 1291 1060 1376 partim
1083 1312 1156 1356 con·

12 1385 13 1388 ’
147 1380 283 1463 iectura,
307 1401 389 1463 quae
413 1381 522 1444 essent
543 1377 668 1463 futura,
692 1378 834 1463 dicebat,
858 1382 891 1443 et
913 1379 948 1442 in
969 1378 1078 1444 Persis
1103 1400 1157 1443 au·

148 1470 307 1554 gurantur
330 1471 363 1532 et
386 1467 532 1532 divinant
555 1466 657 1552 magi,
681 1466 736 1550 qui
760 1470 999 1552 congregantur
1021 1467 1056 1531 in
1077 1465 1155 1531 fano

109 1575 134 1616 15
148 1554 387 1621 commentandi
410 1577 507 1620 causa
530 1558 627 1638 atque
649 1556 735 1620 inter
758 1576 792 1619 se
815 1555 1042 1639 conloquendi,
1070 1554 1156 1639 quod

149 1645 247 1709 etiam
273 1644 359 1708 idem
382 1665 440 1709 vos
464 1643 627 1728 quondam
648 1643 754 1708 facere
772 1641 876 1708 Nonis
901 1643 1070 1728 solebatis3
1097 1665 1156 1708 nec
1175 1659 1208 1708 91

149 1733 319 1817 quisquam
351 1754 408 1797 rex
433 1731 607 1796 Persarum
639 1735 750 1814 potest
784 1751 867 1816 esse,
899 1731 956 1816 qui
986 1753 1054 1798 non
1080 1735 1156 1797 ante

148 1842 319 1906 magorum
347 1820 552 1905 disciplinam
579 1819 812 1903 scientiamque
838 1820 1028 1904 perceperit.
1065 1818 1157 1885 Licet

149 1913 257 1975 autem
288 1909 396 1974 videre
428 1912 461 1973 et
493 1929 612 1994 genera
645 1908 803 1992 quaedam
836 1911 869 1972 et
899 1907 1048 1984 nationes
1081 1908 1157 1974 huic

109 2018 135 2057 ao
150 1999 303 2064 scientiae
322 1997 454 2062 deditas.
490 1996 674 2061 Telmessus
694 1996 729 2061 in
745 1993 841 2061 Caria
859 1999 918 2080 est,
942 2018 1006 2080 qua
1023 1997 1059 2059 in
1076 1996 1157 2062 urbe

150 2086 279 2164 excellit
305 2085 513 2170 haruspicum
537 2085 721 2169 disciplina3
748 2084 890 2168 itemque
913 2083 985 2149 Elis
1007 2083 1044 2149 in
1064 2082 1157 2149 Pelo·

148 2196 292 2259 ponneso
315 2174 458 2238 familias
481 2173 561 2238 duas
580 2176 684 2238 certas
702 2172 811 2257 habet,
833 2171 1031 2238 Iamidarum
1050 2195 1156 2257 imam,
1271 2246 1277 2258 Ι

151 2265 288 2328 alteram
312 2260 523 2345 Clutidarum,
545 2260 771 2346 haruspicinae
793 2261 966 2326 nobilitate
988 2265 1156 2346 praestan-

150 2355 208 2417 tes.
243 2351 284 2415 In
306 2347 400 2435 Syria
423 2349 578 2415 Chaldaei
601 2349 786 2435 cognitione
810 2353 975 2415 astrorum
997 2349 1156 2414 sollertia·

1 2455 2 2512 g
110 2457 136 2498 ae
150 2461 212 2524 que
238 2439 442 2524 ingeniorum
466 2439 672 2504 antecellunt.
716 2437 851 2504 Etruria
873 2440 982 2502 autem
1005 2437 1043 2503 de
1067 2436 1156 2501 caelo
1175 2451 1209 2500 sa

150 2531 239 2593 tacta
277 2527 500 2593 scientissume
533 2525 762 2592 animadvertit
795 2526 969 2609 eademque
1001 2524 1158 2608 interpre-

150 2619 247 2700 tatur,
272 2614 349 2700 quid
372 2614 552 2700 quibusque
575 2615 765 2679 ostendatur
787 2614 941 2680 monstris
966 2615 1063 2696 atque
1085 2633 1158 2696 por·
1214 2681 1220 2692 ,

150 2704 258 2770 tentis.
300 2702 456 2780 Quocirca
482 2703 564 2768 bene
592 2703 678 2788 apud
704 2703 843 2768 maiores
870 2704 1001 2766 nostros
1025 2702 1157 2764 senatus

14 2856 20 2868 ,
151 2797 231 2876 tum,
250 2815 322 2858 cum
340 2793 478 2858 florebat
494 2791 675 2876 imperium,
694 2790 843 2874 decrevit,
862 2793 899 2855 ut
918 2788 956 2854 de
974 2787 1157 2873 principum

1 2883 2 2964 s
110 2899 137 2939 ³0
150 2882 225 2946 filiis
255 2900 280 2946 x
310 2902 348 2946 ex
378 2879 516 2966 singulis
546 2879 698 2944 Etruriae
726 2879 857 2964 populis
887 2877 921 2942 in
952 2875 1156 2961 disciplinam

52 3029 55 3034 ,
149 2969 364 3054 traderentur,
380 2991 421 3034 ne
440 2990 493 3034 ars
511 2971 606 3034 tanta
623 2970 758 3053 propter
776 2967 970 3032 tenuitatem
987 2962 1156 3029 hominum

150 3080 170 3122 a
188 3057 356 3144 religionis
376 3056 570 3123 auctoritate
585 3055 797 3122 abduceretur
811 3055 852 3120 ad
865 3053 1044 3120 mercedem
1059 3056 1156 3137 atque

151 3151 329 3230 quaestum.
369 3144 517 3231 Phryges
549 3148 658 3210 autem
690 3147 723 3208 et
754 3143 882 3208 Pisidae
914 3146 948 3208 et
975 3139 1090 3207 Cilices
1107 3144 1163 3208 ret·

149 3235 296 3300 Arabum
322 3234 413 3299 natio
442 3233 550 3298 avium
578 3231 869 3318 significationibus
896 3230 1074 3316 plurimum
1101 3231 1157 3296 ob-

109 3337 136 3380 ³5
150 3325 343 3408 temperant,
362 3321 448 3408 quod
464 3320 550 3385 idem
563 3320 749 3386 factitatum
763 3321 798 3386 in
811 3319 950 3385 Umbria
964 3317 1155 3403 accepimus.

1 3401 2 3420 ¹
216 3411 265 3476 Ac
287 3410 369 3476 mihi
392 3408 521 3494 quidem
538 3409 689 3474 videntur
707 3430 724 3473 e
742 3409 822 3474 locis
842 3429 968 3494 quoque
986 3407 1076 3493 ipsis,
1100 3406 1155 3490 qui
1165 3375 1209 3502 ἒξ

149 3523 170 3566 a
193 3501 373 3585 quibusque
395 3496 634 3582 incolebantur,
657 3497 892 3580 divinationum
915 3496 1154 3584 oportunitates

889 3601 943 3656 12*
