2566 3876
350 199 418 254 nm.
436 199 458 256 1.
482 198 559 254 cnr.
580 205 693 254 1e-ae.
717 205 865 264 sae-ea.
1047 199 1113 264 399

102 343 180 428 quid
203 345 262 408 aut
283 341 412 408 laudari
433 342 496 408 rite
519 346 577 409 aut
596 342 777 428 vituperari
794 346 914 429 potest,
937 343 966 408 si
984 343 1025 408 ab
1045 341 1115 410 eius

101 435 222 498 natura
238 430 420 516 recesseris,
442 431 529 515 quod
551 435 609 497 aut
630 431 829 496 laudandum
853 435 910 496 aut
930 431 1114 517 vituperan-

103 521 181 585 dum
207 519 325 605 putes?
366 518 421 584 An
447 519 592 620 corperis
619 520 815 622 pravitates,
841 519 870 621 si
893 523 987 621 eruunt
1009 520 1116 621 perin-

77 606 1116 781 .efficatltttltllllltllatlllllssffillz

102 783 245 870 perspici
263 786 386 868 potest3
407 783 485 868 quid
503 783 588 848 enim
606 783 733 849 foedius
752 783 900 867 avaritia,
919 784 997 869 quid
1014 784 1116 849 inme·

101 873 177 937 nius
206 871 354 954 libidine,
387 871 466 955 quid
493 872 709 958 contemptius
737 872 927 956 timiditate,
958 872 1035 956 quid
1062 873 1116 938 ab·

102 960 220 1026 iectius
247 959 404 1025 tarditate
427 963 462 1025 et
484 960 626 1025 stultitia
649 960 711 1026 dici
734 960 866 1046 potest?
907 958 991 1037 Quid
1014 961 1115 1047 ergo?

104 1070 175 1133 eos,
203 1047 260 1132 qui
286 1047 426 1134 singulis
452 1047 543 1112 vitiis
570 1049 733 1115 excellunt
756 1053 813 1114 aut
835 1048 936 1114 etiam
957 1048 1117 1134 pluribus,

66 1155 90 1194 ιο
102 1158 188 1222 prop
190 1139 242 1201 ter
190 1135 387 1200 tdamna
413 1139 472 1201 aut
499 1136 696 1202 detrimenta
723 1140 782 1201 aut
803 1137 965 1202 cruciatus
989 1137 1116 1221 aliquos

102 1225 243 1290 miseros
266 1245 336 1288 esse
359 1223 495 1289 dicimus
520 1243 562 1289 au
579 1229 714 1310 propter
732 1224 799 1290 vim
818 1225 1117 1310 turpitudinemque

101 1312 282 1378 vitiorum?
305 1311 392 1397 quod
414 1313 494 1377 item
517 1312 559 1378 ad
578 1313 776 1379 contrariam
794 1313 978 1378 laudem'm
994 1314 1117 1378 virtute

103 1401 169 1467 dici
191 1422 234 1486 po
236 1403 312 1465 test.
343 1399 574 1486 Postremo,
547 1422 577 1465 s1
598 1405 733 1486 propter
756 1400 838 1465 alias
861 1422 913 1465 res
937 1401 1003 1466 virt
1003 1423 1042 1466 us
1065 1423 1116 1466 ex·
1134 1410 1169 1460 ⁵2

101 1489 241 1576 petitur,
272 1488 388 1554 melius
420 1509 492 1554 esse
523 1488 647 1573 aliquid
674 1511 772 1573 quam
801 1489 957 1554 virtutem
985 1511 1115 1556 necesse

65 1593 89 1636 ιι
103 1581 170 1661 est3
191 1576 403 1662 pecuniamne
424 1576 528 1664 igitur
550 1599 593 1642 an
614 1577 755 1642 honores
779 1599 821 1642 an
843 1577 982 1642 formam
1001 1600 1044 1642 an
1061 1600 1115 1643 va·

102 1665 305 1732 letudinem?
335 1685 418 1750 quae
440 1669 484 1750 et,
506 1687 605 1750 quom
628 1666 760 1748 adsunt,
782 1687 944 1750 perparva
966 1669 1051 1750 sunt,
1073 1670 1116 1750 et,

104 1753 283 1839 quamdiu
306 1752 460 1818 adfutura
482 1753 556 1836 sint,
580 1756 704 1818 certum
727 1753 803 1818 sciri
820 1753 912 1818 nullo
931 1754 1027 1818 modo
1045 1758 1117 1839 pot·

104 1845 171 1926 est3
201 1863 257 1925 au,
278 1840 312 1905 id
335 1840 422 1924 qnod
443 1841 669 1928 turpissimum
693 1841 781 1906 dictu
804 1845 867 1925 est,
890 1842 1116 1927 voluptatem?

102 1929 154 1995 nt
179 1929 215 1994 in
242 1951 280 1994 ea
303 1928 429 2014 quidem
456 1930 636 2014 spernenda
659 1931 693 1994 et
715 1929 915 2014 repudianda
936 1931 1041 1995 virtus
1064 1932 1117 1996 vel

64 2036 92 2076 πο
106 2018 248 2084 maxime
271 2017 422 2086 cernitur.

173 2103 237 2170 Sed
263 2105 436 2190 videtisne,
464 2109 587 2189 quanta
615 2105 714 2171 series
737 2127 847 2170 rerum
870 2107 1118 2172 sententiarum·

105 2215 169 2280 que
192 2193 246 2276 sit,
268 2196 366 2277 atque
387 2197 424 2257 ut
442 2215 481 2258 ex
500 2193 565 2259 alio
584 2193 651 2258 alia
666 2194 862 2259 nectantur?
885 2195 964 2278 quin
981 2195 1118 2259 labebar

104 2281 251 2369 longius,
273 2281 338 2345 nisi
361 2303 412 2346 me
434 2281 650 2346 retinuissem.
687 2282 723 2363 Q.
746 2281 816 2356 Quo
839 2283 993 2347 tandem?
1017 2281 1171 2347 liban-20

105 2375 158 2436 ter
181 2370 282 2454 enim,
304 2370 420 2454 frater,
442 2369 567 2453 †qu0d
588 2369 688 2434 istam
712 2371 894 2435 orationem
916 2373 1024 2435 tecum
1045 2392 1119 2455 pro-

67 2476 93 2517 ιι
106 2459 208 2524 laber.
236 2459 284 2523 M.
300 2457 352 2522 Ad
368 2457 467 2522 finem
485 2458 654 2541 bonorum,
674 2478 741 2559 quo
756 2457 989 2522 refenmturet
974 2457 1118 2542 tquoius

107 2546 274 2632 apiscendi
292 2567 389 2611 causa
403 2550 480 2610 eunt
493 2545 641 2610 facienda
655 2545 773 2628 omnia,
791 2549 1033 2611 controversam
1049 2567 1118 2611 rem

107 2639 142 2700 et
159 2634 292 2721 plenam
311 2633 520 2699 dissensionis
539 2634 626 2698 inter
641 2633 855 2717 doctissimos,
873 2633 930 2698 sed
944 2634 1160 2718 aliquando

106 2723 175 2788 iam
197 2722 411 2788 iudicandam.
447 2723 523 2788 Am.
547 2720 609 2797 Qui
631 2722 716 2786 istuc
737 2721 809 2786 fieri
827 2721 990 2807 potestL.
1010 2720 1118 2787 Gellio
1137 2711 1172 2782 5'3

11 2851 12 2854 =
107 2810 261 2876 mortuo?
296 2811 345 2876 M.
369 2808 490 2886 Quidt
475 2809 607 2874 tandem
627 2809 661 2874 id
679 2809 721 2874 ad
739 2745 848 2874 rem?p
866 2811 943 2875 Am.
966 2808 1049 2886 Quia
1067 2832 1119 2875 me

69 2915 94 2959 ec
108 2899 249 2964 Athenis
286 2898 396 2962 audire
433 2919 472 2964 ex
508 2897 656 2962 Phaedro
693 2919 765 2962 meo
803 2897 936 2962 memini
968 2897 1120 2983 Gellium,

106 2987 305 3053 familiarem
341 2990 451 3070 tuum,
490 3007 589 3071 quom
624 3007 685 3071 pro
722 2986 853 3050 consule
890 3007 929 3051 ex
965 2990 1120 3071 praetura

106 3076 142 3141 in
179 3073 351 3141 Graeciam
391 3074 535 3140 venisset
571 3075 674 3158 [que],
715 3072 855 3138 Athenis
895 3073 1120 3159 philosophos,

107 3163 164 3249 qui
192 3166 263 3228 tum
296 3166 401 3246 erant,
432 3162 467 3227 in
498 3163 604 3227 locum
633 3183 733 3226 unum
759 3183 953 3227 convocasse
975 3161 1120 3246 ipsisque

106 3272 230 3337 magno
253 3273 350 3337 opere
373 3255 538 3316 auctorem
555 3249 666 3334 fuisse,
688 3249 918 3334 utaliquando
937 3255 1120 3316 controver-

68 3356 94 3398 ιι
108 3341 233 3404 siarum
264 3339 407 3423 aliquem
438 3338 583 3403 facerent
614 3337 760 3422 modum,
793 3337 910 3422 quodsi
940 3341 1049 3403 essent
1081 3360 1120 3404 eo

107 3428 233 3513 animo,
254 3430 293 3491 ut
313 3427 441 3491 nollent
464 3429 606 3491 aetatem
628 3426 663 3491 in
685 3426 799 3491 litibus
822 3430 1002 3510 conterere,
1023 3447 1121 3512 posse

107 3538 178 3581 rem
204 3514 390 3599 convenire3
416 3517 451 3580 et
472 3515 570 3580 simul
593 3536 726 3601 operam
750 3537 842 3581 suam
864 3514 932 3580 illis
958 3537 1028 3579 esse
1051 3514 1120 3602 pol·
