2596 3882
180 123 247 188 320
541 121 590 175 DE
609 121 658 175 RE
675 121 832 177 PUBLICA

180 261 286 354 regali
315 269 348 331 et
375 266 537 351 optumati
564 269 598 330 et
624 265 790 366 pppulari,
820 266 955 332 confusa
981 265 1106 330 modice
1132 285 1193 330 neo

180 355 341 440 puniendo
364 355 478 419 inritet
501 355 645 419 animum
667 355 831 419 inmanem
855 376 892 420 ac
914 354 1028 419 ferum.
1051 353 1195 436 (Nouius

129 555 161 603 ra
175 466 207 614 ξ.
226 534 275 615 45]
349 443 419 597 Η).
442 533 599 614 .quiuque
629 536 659 595 et
689 530 859 616 sexaginta
892 532 985 596 annis
1018 529 1196 614 antiquior,

181 620 267 704 quod
290 623 361 684 erat
378 637 530 684 xxxv1111
554 622 629 684 ante
648 620 788 704 primam
809 619 1034 704 Olympiadem
1053 619 1195 684 condita.
1222 635 1236 672 ε

179 708 225 773 Et
248 707 495 793 antiquissimus
517 707 573 772 ille
586 706 755 793 Lycurgus
780 707 891 771 eadem
914 707 997 772 vidit
1018 706 1095 770 fere.
1127 705 1197 770 lta·

181 819 243 882 que
269 797 336 860 ista
363 795 579 878 aequabilitas
608 799 705 878 atque
728 795 790 860 hoo
813 795 934 880 triplex
955 817 1065 859 rerum
1087 795 1198 879 publi·

180 907 291 951 carum
319 905 421 970 genus
449 883 578 948 videtur
605 883 686 947 mihi
714 901 883 948 commune
909 883 1005 948 nobis
1029 882 1196 948 cumillis

179 971 310 1060 populis
333 971 444 1036 fuisse.
485 968 563 1055 Sed,
591 971 677 1056 quod
699 972 868 1056 proprium
892 971 999 1035 estin
1020 975 1136 1035 nostra
1159 993 1196 1035 re

180 1061 325 1146 publica,
353 1081 417 1144 quo
444 1059 529 1123 nihil
555 1061 661 1144 possit
689 1081 758 1123 esse
785 1059 999 1144 praeclarius,
1026 1059 1060 1123 id
1086 1081 1197 1144 perse
1210 1079 1235 1118 ιο

180 1179 207 1230 p.
222 1151 271 1230 46]
296 1170 385 1232 quar,
408 1147 437 1211 si
454 1151 579 1233 potero,
603 1147 771 1232 subtilius3
795 1148 882 1231 quod
901 1147 963 1211 erit
981 1147 1050 1212 eius
1071 1145 1075 1233 l
1095 1147 1197 1234 modi,

181 1237 265 1301 nihil
283 1239 321 1300 ut
339 1237 406 1300 tale
423 1237 492 1300 ulla
509 1237 544 1300 in
561 1259 596 1301 re
615 1235 747 1321 publica
765 1236 956 1320 reperiatur.
988 1235 1079 1301 Haec
1098 1235 1199 1322 enim,

182 1347 264 1409 quae
288 1324 392 1389 adhuc
415 1324 557 1409 exposui,
579 1324 628 1388 ita
650 1323 753 1388 mixta
775 1323 907 1388 fuerunt
930 1327 963 1388 εὴ
985 1323 1020 1388 in
1038 1324 1100 1390 hac
1119 1325 1199 1390 civi-

180 1417 250 1479 tate
280 1417 313 1478 et
335 1412 371 1476 in
392 1411 722 1478 Lacedaemoniorum
745 1416 778 1476 εὴ
800 1412 836 1476 in
857 1411 1198 1499 Karthaginiensium,

130 1515 162 1562 43
181 1505 219 1566 ut
250 1503 435 1586 temperata
465 1501 557 1566 nullo
587 1500 708 1565 fuerint
738 1501 843 1565 modo.
888 1499 976 1565 Nam
1002 1501 1038 1565 in
1065 1524 1130 1586 qua
1156 1524 1196 1567 re
1212 1520 1237 1561 15

181 1590 314 1676 publica
341 1592 391 1654 est
417 1611 501 1653 unus
525 1588 643 1672 aliquis
667 1592 824 1674 perpetua
846 1592 1023 1674 potestate,
1050 1611 1197 1674 praeser-

181 1679 242 1742 tim
265 1677 369 1763 regia,
394 1677 541 1761 quamvis
565 1677 600 1740 in
623 1699 661 1742 ea
684 1677 728 1741 sit
751 1680 784 1741 εὴ
808 1681 953 1762 senatus,
975 1680 1013 1741 ut
1036 1682 1107 1742 turn
1129 1678 1198 1742 suit

181 1767 315 1850 Romae,
338 1788 411 1830 oum
435 1769 528 1830 erant
550 1785 654 1849 reges,
676 1768 714 1830 ut
735 1762 872 1850 Spartae
890 1765 1032 1852 Lycurgi
1055 1765 1198 1853 legibuS,

180 1883 209 1934 p.
229 1856 294 1935 145]
322 1856 355 1918 et
381 1857 419 1917 ut
447 1853 490 1918 sit
518 1853 650 1937 aliquod
677 1853 777 1918 etiarn
804 1854 918 1939 populi
942 1855 947 1938 Ι
971 1855 1035 1939 ine,
1066 1857 1103 1919 ut
1130 1854 1197 1919 fuit

179 1943 268 2027 apud
284 1946 415 2007 nostros
433 1961 538 2027 regeS,
557 1945 669 2006 tamen
686 1941 769 2006 illud
782 1941 910 2006 excellit
923 1942 1051 2029 regium
1064 1965 1197 2028 nomen,
1212 1965 1237 2005 ro
1269 1907 1270 1988 i

127 2105 129 2112 y
181 2053 285 2115 neque
314 2033 425 2115 potest
452 2031 520 2094 eius
549 2029 637 2094 modi
663 2051 716 2094 res
743 2030 876 2115 publica
902 2052 969 2095 non
999 2051 1138 2117 regnum
1161 2036 1197 2096 et

127 2115 129 2122 ⁴
179 2141 252 2184 esse
271 2122 304 2183 εὴ
322 2118 441 2184 vocari.
473 2117 524 2182 Ea
543 2121 652 2181 autem
666 2116 773 2182 forma
787 2118 928 2183 civitatis
944 2119 1112 2184 mutabilis
1126 2143 1197 2184 ma-

180 2208 267 2272 xime
291 2209 341 2271 est
363 2207 447 2270 hanc
470 2207 512 2270 ob
537 2228 683 2290 causam,
706 2206 792 2289 quod
814 2206 909 2270 unius
933 2206 1013 2272 vitio
1036 2208 1197 2294 praecipi-

181 2299 254 2360 tata
268 2295 304 2359 in
316 2293 626 2379 perniciosissimam
640 2298 768 2377 partem
781 2294 937 2359 facillime
952 2295 1078 2360 decidit.
1105 2294 1196 2360 Nam

180 2385 289 2470 ipsum
318 2383 428 2467 regale
459 2401 560 2467 genus
591 2382 734 2447 civitatis
761 2405 828 2447 non
854 2382 951 2448 modo
978 2405 1045 2448 non
1072 2386 1123 2448 est
1146 2407 1196 2449 re·
1212 2403 1237 2445 2⁵

181 2501 208 2552 p.
225 2473 290 2552 146]
310 2470 582 2556 prehendendum,
605 2471 662 2535 sed
683 2471 771 2534 haud
790 2470 857 2536 scio
876 2471 1071 2555 anvreliquis
1090 2472 1096 2555 Ι
1117 2472 1196 2536 sim·
1269 2499 1270 2522 i

176 2560 321 2646 vplicibus
344 2560 442 2644 longe
461 2559 730 2642 anteponendum,
754 2559 782 2623 si
801 2559 906 2623 ullum
924 2560 1099 2644 probarem
1118 2561 1197 2625 sim·

181 2649 256 2733 plex
278 2647 327 2711 rei
349 2646 499 2731 publicae
524 2667 639 2732 genus,
662 2647 799 2732 sedita,
822 2647 928 2730 quoad
952 2650 1075 2712 statum
1098 2669 1196 2713 suum

181 2737 310 2800 retinet.
346 2733 379 2798 Is
404 2738 454 2799 est
477 2739 586 2799 autem
609 2738 725 2820 status,
747 2738 785 2799 ut
807 2735 903 2800 unius
925 2739 1084 2820 perpetua
1103 2741 1197 2822 pote·
1269 2757 1270 2818 ξ

180 2828 268 2888 state
296 2825 331 2887 et
357 2822 485 2887 iustitia
513 2821 664 2906 omnique
692 2822 853 2908 sapientia
880 2827 1015 2910 regatur
1042 2825 1131 2889 salus
1162 2828 1197 2890 et
1211 2843 1238 2884 ao

183 2911 399 2995 aequabilitas
426 2915 459 2975 εὴ
482 2911 586 2976 otium
609 2911 735 2976 civium.
780 2911 907 2976 Desunt
931 2912 1062 2978 omnino
1086 2911 1116 2976 ei
1138 2935 1196 2997 po·
1269 2939 1270 2996 q

182 3001 260 3085 pulo
288 2999 406 3083 multa,
433 3000 488 3081 qui
515 2999 575 3063 sub
598 3021 676 3085 rege
699 3002 762 3083 est,
790 2999 825 3064 in
847 2999 1025 3084 primisque
1047 3001 1196 3085 libertas,
1269 3023 1270 3034 ¹

185 3109 267 3171 quae
288 3108 356 3151 non
377 3085 413 3151 in
435 3109 473 3152 eo
497 3090 561 3172 est,
587 3091 625 3153 ut
647 3087 734 3153 iusto
756 3091 888 3153 utamur
911 3088 1055 3174 domino,
1078 3089 1135 3154 sed
1157 3092 1197 3154 ut

183 3175 286 3239 nullo.
301 3222 309 3240 .
323 3221 354 3241 ..

430 3262 670 3343 [Desideruutur
685 3263 824 3346 pupione
845 3265 946 3346 douc]

127 3325 176 3452 {2¹
185 3377 214 3429 p.
226 3349 272 3429 15]
338 3349 576 3416 ....ferebant
599 3351 729 3415 Etenim
748 3350 799 3414 illi
811 3351 934 3417 iniusto
950 3351 1081 3418 domino
1096 3355 1196 3435 atque
1209 3371 1235 3412 aa

186 3437 303 3502 acerbo
322 3437 538 3520 aliquamdiu
554 3437 591 3503 in
607 3439 704 3503 rebus
723 3439 875 3524 gerundis
893 3460 1051 3525 prospera
1063 3441 1197 3506 fortuna
