2578 3874
324 172 392 228 als.
411 172 458 226 111.
478 172 554 229 OAP.
573 179 669 229 7-10.
693 177 709 239 s
728 180 841 230 11-1r.
1026 123 1090 240 3Al

86 315 215 380 cosdem
233 319 267 380 et
285 315 438 400 cuiusque
456 316 583 402 generis
603 315 609 399 1
628 317 740 384 beluas
757 339 892 384 numero
910 340 983 385 eon·
1001 321 1043 401 [p.
1059 333 1091 385 18

86 406 229 468 secretas
253 404 400 488 deorum3
422 403 535 470 deinde
558 403 721 488 Graeciae,
743 405 829 471 sicut
846 403 932 491 apud
949 425 1018 492 nes,
1041 407 1093 472 de·

86 491 182 556 lubra
198 491 382 576 magnifica
404 491 555 557 humanis
577 496 765 558 consecrata
787 494 982 580 simulacris,
1010 513 1092 580 quae

86 578 205 644 Persae
232 579 358 644 nefaria
380 583 591 665 putaverunt,
618 599 753 666 eamque
775 603 873 647 unam
896 579 939 648 ob
962 601 1093 649 causam

56 666 205 732 sXerses
228 667 423 733 inflammari
441 667 691 734 Atheniensium
712 669 791 734 fana
812 670 945 736 iussisse
968 670 1094 756 dieitur,

88 757 173 840 quod
200 755 291 840 deos,
318 778 456 840 quorum
483 757 597 822 domus
619 761 712 822 esset
739 759 844 824 omnis
870 757 1094 844 hismundus,

87 845 229 908 inclusos
252 843 432 929 parietibus
455 845 613 911 contineri
635 846 726 911 nefas
750 868 821 912 esse
843 848 982 912 duceret.
1012 845 1094 913 Post
1114 862 1149 912 15

88 935 197 997 autem
233 954 306 998 cum
336 931 445 997 Persis
481 935 514 998 et
544 932 730 1020 Philippus,
767 933 822 1019 qui
853 934 1025 1021 cogitavit,
1061 939 1095 1000 et

87 1019 285 1103 Alexander,
303 1020 376 1104 qui
409 1021 524 1106 gessit,
559 1021 643 1087 hanc
670 1015 815 1088 bellandi
846 1045 977 1088 causam
1007 1021 1095 1109 infel·-

43 1125 73 1164 ιο
87 1107 202 1192 rebat,
218 1105 305 1192 quod
327 1107 427 1174 vellet
449 1107 603 1174 Graeciae
625 1109 703 1175 fana
724 1111 870 1196 poenire,
898 1127 980 1198 quae
1003 1114 1045 1194 [p.
1060 1125 1093 1178 2⁷

73 1217 128 1266 ¹ne
155 1197 325 1262 reficienda
352 1196 481 1282 quidem
509 1195 600 1262 Graii
625 1201 836 1284 putaverunt,
863 1203 900 1264 ut
927 1203 1014 1272 esset
1039 1221 1095 1285 po·

88 1285 184 1349 steria
216 1287 292 1350 ante
324 1305 360 1350 os
393 1279 620 1350 documentum
646 1283 820 1352 Persarum
851 1284 981 1352 sceleris
1014 1309 1096 1353 sem·

87 1373 260 1458 piternum.
305 1371 409 1448 Quam
436 1371 546 1456 multi,
572 1377 610 1438 ut
637 1373 737 1439 Tauri
762 1376 798 1440 in
825 1375 946 1460 Axino,
975 1379 1012 1441 ut
1039 1398 1095 1441 rex

88 1460 232 1547 Aegypti
253 1455 393 1547 Busiris,
424 1465 462 1526 ut
485 1459 586 1546 Galli,
614 1465 650 1526 ut
671 1460 785 1548 Poeni,
811 1463 958 1529 homines
982 1464 1095 1530 immo·

45 1565 73 1606 1⁵
89 1550 157 1614 lare
185 1551 217 1614 et
246 1550 336 1635 pium
364 1552 397 1615 et
424 1547 473 1614 dis
499 1549 740 1616 immortalibus
769 1552 1002 1638 gratissumum
1025 1574 1095 1618 esse

88 1635 261 1703 duxenmtl
296 1635 394 1703 Vitae
415 1655 493 1704 vero
515 1638 668 1703 instituta
690 1639 737 1705 sic
759 1640 897 1725 distant,
922 1644 960 1704 ut
983 1639 1095 1706 Cretes

88 1727 122 1791 et
145 1719 256 1791 Aetoli
282 1725 471 1792 latrocinari
497 1725 670 1791 honestum
697 1729 825 1813 putent,
849 1723 1096 1794 Lacedaemonii

88 1834 164 1880 suos
184 1835 295 1879 omnes
315 1832 412 1900 agros
431 1835 501 1878 esse
520 1813 710 1900 dictitarint,
730 1814 736 1899 Ι
756 1831 836 1900 quos
860 1816 984 1902 spiculo
1004 1819 1045 1897 [p.
1060 1833 1095 1883 28

87 1905 239 2055 polsspntt
250 1901 420 1990 attingere.
465 1901 680 2056 Athenienqes
706 1903 813 1969 iurare
840 1905 939 2056 etianlr
966 1905 1095 2058 PUblioe

43 2007 73 2046 20
999 2005 1002 2012 “
1083 2030 1095 2042 .

88 2009 611 2166 {tuslefltffbllltlssl
634 2012 879 2165 ettfflcllt
894 2015 1095 2148 lttlah

90 2186 189 2233 manu
221 2177 387 2252 quaerere,
417 2167 528 2251 itaque
559 2164 678 2233 armati
709 2169 832 2236 alienos
860 2187 958 2256 agros
990 2167 1094 2234 deme·

87 2256 177 2340 tunt,
211 2275 271 2320 nos
308 2272 384 2321 vero
420 2255 591 2320 iustissimi
626 2256 787 2342 homines,
823 2257 879 2342 qui
910 2247 1148 2343 Transalpi-16

87 2363 148 2409 nas
176 2344 283 2430 gentis
312 2344 417 2409 oleam
445 2347 478 2410 et
505 2345 605 2409 vitem
632 2362 738 2410 serere
760 2365 826 2411 non
849 2345 997 2431 sinimus,
1030 2359 1094 2430 quo
1246 2359 1248 2364 ’

45 2445 73 2488 2⁶
88 2431 192 2518 pluris
226 2431 292 2496 sint
322 2435 436 2497 nostra
469 2428 590 2498 oliveta
619 2437 814 2517 nostraeque
845 2428 971 2517 vineae,
1008 2434 1094 2519 quod

88 2543 163 2586 cum
190 2519 362 2605 faciamus,
392 2522 568 2606 prudenter
597 2520 704 2586 facere
736 2521 885 2605 dicimur,
916 2521 1002 2586 iuste
1028 2543 1095 2586 non

89 2606 243 2695 dicilmur,
264 2612 302 2674 ut
321 2607 524 2694 intellegatis
543 2609 724 2694 discrepare
742 2603 784 2674 ab
803 2609 966 2694 aequitate
986 2611 1027 2690 [p.
1041 2618 1093 2675 203

89 2696 291 2782 sapientiam.
334 2695 501 2782 Lyeurgus
525 2700 647 2782 autem,
672 2697 729 2776 ille
751 2697 861 2784 legum
886 2701 1094 2782 optumarum

88 2789 123 2850 et
145 2785 341 2870 aequissumi
362 2786 443 2850 iuris
464 2786 628 2870 inventor,
650 2807 747 2872 agros
770 2785 982 2871 locupletium
1004 2782 1094 2871 plebi

45 2892 72 2930 ³⁰
88 2877 127 2940 ut
149 2873 283 2938 servitio
306 2874 458 2939 colendos
481 2873 577 2938 dedit.

156 2960 282 3027 Genera
308 2983 385 3026 vero
408 2960 437 3027 ii
459 2961 558 3026 velim
579 2962 673 3047 iuris,
699 2961 938 3047 institutorum,
966 2977 1093 3027 morum
1105 2935 1148 3064 119

87 3050 419 3134 consuetudinumque
441 3050 631 3136 describere,
652 3071 719 3115 non
741 3050 838 3116 modo
859 3050 894 3115 in
915 3053 967 3116 tot
991 3051 1094 3136 genti·

86 3138 149 3203 bus
172 3137 276 3222 varia,
299 3137 411 3203 sedin
433 3159 498 3203 uua
519 3139 608 3223 urbe,
630 3138 683 3204 vel
705 3137 741 3202 in
761 3137 824 3204 hec
845 3138 927 3224 ipse,
949 3139 1092 3204 milliens

86 3230 216 3292 mutata
239 3227 467 3311 demonstrem,
488 3229 526 3290 ut
547 3226 601 3292 hic
622 3226 702 3292 iuris
720 3231 832 3292 noster
848 3225 1008 3313 interpres
1027 3225 1094 3292 alia

43 3330 71 3371 ⁸⁵
85 3337 173 3380 nunc
199 3313 353 3380 Manilius
384 3314 456 3378 iura
488 3315 574 3380 dieat
602 3329 673 3380 esre
703 3313 741 3378 de
770 3311 952 3402 mullierum
980 3317 1021 3396 [p.
1041 3331 1093 3379 acl

85 3401 208 3488 legatis
230 3407 265 3467 et
286 3402 530 3485 hereditatibus,
553 3402 619 3467 alia
642 3401 757 3468 solitus
781 3403 824 3468 sit
843 3402 1029 3468 adulescens
1049 3402 1094 3466 di·

85 3511 159 3558 oere
190 3491 334 3556 nondum
360 3489 506 3556 Voconia
534 3490 607 3578 lege
636 3491 719 3576 leta3
750 3511 840 3576 quae
862 3491 992 3576 quidem
1020 3491 1094 3576 ipsa

141 3601 196 3644 oro.
210 3603 251 3648 rv,
266 3604 285 3644 r.
845 3601 878 3649 aa
