2590 3880
189 158 230 222 18
497 153 546 207 nn
565 153 717 208 nauum
734 151 889 208 nnoauu

131 313 169 364 40
189 305 299 369 essent
321 299 493 368 consecuti.
529 295 683 382 Idemque
705 297 852 382 disputat
874 297 1008 364 aethera
1025 321 1097 365 csse
1116 321 1200 384 eum,

188 414 286 477 quem
320 389 468 455 homines
499 385 612 452 Iovem
649 386 864 470 appellarent,
901 387 1021 471 quique
1055 393 1111 452 altr
1142 412 1202 474 per
1275 421 1276 434 κ

188 481 293 546 maria
316 479 479 560 manaret,
502 497 576 540 eum
598 496 667 540 esse
690 472 894 558 Neptunum,
916 477 1103 560 terramque
1127 498 1201 542 eam

189 590 268 653 esse,
291 589 374 652 quae
395 564 492 631 Ceres
515 563 684 646 ffioeretur,
708 562 870 646 similique
889 563 1016 629 ratione
1034 567 1201 650 persequi-

189 660 244 723 tur
260 655 420 721 vocabula
436 653 636 736 reliquorum
655 651 796 715 deorum.
831 648 984 735 Idemque
1004 652 1104 717 etiam
1117 654 1201 739 legis
1227 669 1254 710 ⁵-

189 747 365 831 perpetuae
392 745 426 806 et
453 744 603 806 aeternae
630 739 710 823 vim,
738 761 820 820 quae
848 740 941 823 quasi
968 739 1032 804 dux
1054 742 1144 806 vitae
1167 745 1202 806 ct

189 833 350 917 magistra
378 829 557 894 officiorum
585 827 642 910 sit,
670 825 782 893 Iovem
804 827 884 892 dicit
907 849 977 892 csse
1000 829 1202 915 eandemque

190 922 324 996 fatalem
359 917 588 982 necessitatem
624 916 781 1000 appellat,
822 916 1055 1000 sempiternam
1090 941 1202 983 rerum

190 1008 375 1073 futurarum
397 1005 584 1086 veritatcm3
606 1025 744 1087 quorum
766 1003 848 1067 nihil
871 1005 938 1068 tale
962 1008 1021 1089 est,
1043 1009 1082 1071 ut
1104 1007 1140 1071 in
1163 1029 1201 1071 eo

136 1116 172 1166 41
191 1097 241 1162 vis
265 1094 374 1159 divina
396 1092 504 1157 inesse
526 1091 682 1156 videatur.
720 1091 766 1154 Et
786 1091 867 1156 haee
891 1092 1021 1176 quidem
1038 1095 1075 1159 in
1092 1097 1202 1180 primo
1217 1111 1243 1152 ro

190 1184 275 1248 libro
294 1184 333 1247 de
351 1184 470 1246 natura
487 1181 633 1263 deorum3
651 1180 843 1245 insecundo
863 1183 972 1245 autem
985 1183 1056 1246 volt
1070 1183 1202 1268 Orphei,

190 1270 330 1355 Musaei,
352 1268 488 1335 Hesiodi
511 1267 710 1352 Homerique
732 1268 869 1333 fabellas
892 1270 1137 1336 accommodare
1162 1274 1203 1336 ad

193 1383 240 1444 ca,
259 1380 341 1444 quae
359 1359 430 1443 ipse
448 1357 554 1441 primo
572 1357 656 1421 libro
676 1356 714 1420 de
733 1355 801 1420 deis
819 1358 1046 1423 inmortalibus
1066 1358 1203 1444 dixerat,

57 1457 58 1460 ’
191 1452 230 1514 ut
252 1449 352 1512 etiam
373 1444 541 1510 veterrimi
563 1447 689 1528 po'e'tae,
712 1444 767 1528 qui
789 1443 870 1510 haec
893 1466 934 1510 ne
958 1447 1115 1532 suspicati
1134 1448 1203 1533 qui·

192 1537 265 1602 dem
297 1536 376 1618 sint,
409 1531 510 1599 Stoici
540 1531 641 1597 fuisse
671 1531 851 1598 videantur.
901 1530 1004 1608 Quem
1034 1533 1203 1621 Diogenes
1217 1552 1242 1594 1⁵

192 1624 394 1708 Babylonius
417 1642 617 1706 consequens
638 1621 675 1685 in
697 1641 735 1686 eo
758 1620 850 1705 libro,
874 1622 929 1705 qui
951 1623 1141 1689 inscribitur
1164 1625 1203 1690 de

191 1713 353 1795 Minerva,
380 1713 511 1796 partum
532 1708 621 1775 Iovis
649 1711 819 1792 ortumque
846 1709 984 1794 virginis
1008 1711 1049 1776 ad
1070 1713 1204 1798 physio-

142 1801 314 1924 16logiam
337 1799 509 1901 traducens
531 1797 673 1898 diiungit
694 1819 713 1860 a
735 1796 855 1862 fabula.
910 1885 918 1899 θ
966 1886 1004 1902 ..

136 1937 174 1986 ⁴2
192 1885 886 2042 lanu
907 1887 1245 2043 catecasta,

194 2088 241 2148 ea,
264 2086 346 2149 quae
369 2067 540 2150 poetarum
561 2062 695 2127 vocibus
717 2060 792 2126 fusa
813 2061 886 2147 ipsa
904 2064 1066 2129 suavitate
1084 2087 1203 2132 nocue-

193 2156 282 2236 nmt‚
313 2152 369 2237 qui
398 2154 432 2216 et
458 2151 508 2216 ira
533 2150 754 2215 inflammatos
782 2153 815 2214 et
837 2150 970 2216 libidine
992 2151 1131 2218 furentis
1155 2155 1204 2220 in-

193 2242 353 2307 duxerunt
380 2239 457 2304 deos
484 2238 706 2323 feceruntque,
735 2241 773 2303 ut
800 2260 910 2304 eorum
939 2240 1041 2326 bella,
1067 2244 1204 2328 proelia,
1280 2251 1281 2254 ’

193 2351 334 2416 pugnas,
361 2328 497 2393 vulnera
522 2327 717 2412 videremus,
747 2326 822 2392 odia
847 2330 1030 2414 practerea,
1058 2329 1204 2417 discidia,
1279 2339 1281 2348 ⁴

194 2417 384 2500 discordias,
415 2418 521 2499 ortus,
549 2415 714 2499 interitus,
741 2416 913 2500 querellas,
939 2417 1204 2507 lamentationes
1218 2437 1245 2477 2⁵

195 2507 312 2572 effusas
330 2505 366 2569 in
383 2503 472 2568 omni
488 2503 741 2589 intemperantia
759 2503 919 2589 libidines,
942 2505 1110 2591 adulteria,
1132 2509 1205 2574 vin·

195 2597 279 2678 cula,
308 2615 381 2658 cum
407 2591 550 2657 humano
576 2611 692 2676 genere
714 2591 903 2657 concubitus
926 2595 1140 2680 mortalisque
1164 2620 1205 2663 ex

138 2694 175 2744 43
193 2680 362 2747 inmortali
391 2683 588 2766 procreatos.
638 2678 720 2746 Cum
750 2684 922 2765 po’e‘tarum
952 2685 1061 2747 autem
1094 2706 1206 2751 errore

194 2770 390 2854 coniungere
417 2767 495 2834 licet
521 2770 675 2853 portenta
703 2787 873 2852 magorum
900 2768 1205 2858 Aegyptiorumque

193 2858 230 2923 in
253 2856 365 2922 eodem
388 2877 506 2942 genere
529 2855 732 2940 dementiam,
754 2859 825 2920 tum
848 2856 946 2922 etiam
965 2859 1056 2945 vulgi
1079 2861 1205 2946 opinio-
1219 2879 1246 2920 ao

194 2967 262 3029 nes,
281 2966 363 3030 quae
382 2945 417 3009 in
434 2944 576 3010 maxima
592 2945 813 3010 inconstantia
830 2944 979 3010 veritatis
997 2945 1205 3032 ignoratione

194 3038 374 3100 versantur.
428 3033 479 3097 Ea
514 3033 571 3117 qui
602 3032 784 3098 consideret
816 3053 914 3116 quam
949 3033 1133 3102 inconsulte
1166 3062 1206 3106 ao

194 3126 316 3187 temere
344 3120 504 3206 dicantur,
531 3120 680 3187 venerari
700 3119 878 3206 Epicurum
905 3125 937 3186 et
963 3122 1134 3190 incorum
1157 3127 1206 3212 ip-

196 3231 307 3276 sorum
334 3231 482 3293 numero,
510 3208 549 3274 de
576 3208 693 3293 quibus
715 3209 796 3274 haec
819 3210 966 3293 quaestio
990 3215 1052 3296 est,
1082 3213 1205 3280 habere

196 3298 320 3364 debeat.
367 3294 462 3362 Solus
486 3296 574 3362 enim
595 3296 678 3361 vidit
699 3296 842 3381 primum
864 3319 935 3364 esse
954 3299 1040 3383 deos,
1064 3303 1150 3384 quod
1169 3303 1207 3369 in
1222 3321 1247 3362 aa

197 3386 342 3452 omnium
366 3385 483 3450 animis
507 3406 619 3450 eorum
640 3385 806 3450 notionem
828 3385 1036 3470 inpressisset
1057 3389 1131 3474 ipsa
1148 3413 1207 3456 na·

130 3483 131 3488 ’
194 3478 279 3541 tura.
325 3471 414 3549 Quae
437 3475 488 3538 est
510 3472 596 3536 enim
619 3493 698 3558 gens
721 3477 779 3539 aut
803 3473 888 3559 quod
905 3495 1007 3556 genus
1024 3475 1208 3566 hominum,
