2610 3894
413 161 482 218 tm.
500 163 536 218 h.
556 163 631 218 GAP.
652 171 676 218 1.
695 169 711 230 ξ
730 169 807 217 1-3.
1054 161 1099 226 47

83 321 166 360 nrum
184 305 301 360 ductum
314 305 397 360 est-a
414 303 540 375 corporis
557 303 674 358 humaui
692 304 845 372 structura,
863 303 984 358 alterum
1002 319 1020 358 e
1037 319 1100 376 pers

84 375 259 431 sectionibus
278 375 373 444 animi,
390 375 506 430 tertium
519 375 554 429 eb
568 374 702 442 utilitate,
721 391 805 443 quem
818 391 862 428 res
877 391 941 428 cum
954 375 1099 443 coelestes,

84 449 150 502 tum
172 448 321 502 terrestres
341 445 503 501 hominibus
526 445 666 511 adferent,
690 446 820 514 quartum
843 443 962 512 denique
981 445 1018 500 eb
1035 445 1099 500 illu·

85 518 197 586 strium,
213 517 313 587 quibus
327 515 358 570 di
371 515 569 586 consuluerint,
582 515 728 570 hominum
741 514 875 585 exemplis
890 519 961 586 (cup.
973 521 1098 588 ss-oo).

152 818 246 896 Quae
273 841 347 885 cum
367 818 470 886 Cotta
499 819 646 902 dixisset,
673 823 745 885 tum
766 815 926 885 Velleius:
952 817 1004 886 Ne
1027 841 1097 907 ego,
1118 798 1134 923 ἒ

83 909 205 994 inquit,
226 908 386 992 incautus,
405 908 467 993 qui
485 925 558 974 cum
572 907 766 974 Academico
784 913 818 973 et
831 909 950 974 eodem
967 909 1099 974 rhetore

86 996 244 1083 congredi
274 1001 409 1062 conotus
437 996 512 1061 sim!
557 994 645 1061 Nem
671 1017 775 1081 neque
801 997 995 1062 indisertum
1017 998 1100 1064 Aoe-

86 1086 250 1150 demieum
272 1084 514 1170 pertimuissem
536 1106 595 1149 nec
618 1085 687 1148 sine
709 1085 775 1149 ista
796 1085 1006 1170 philosophia
1028 1086 1100 1151 rhe-

58 1178 197 1240 ⁵torem
221 1173 369 1256 quamvis
393 1174 612 1257 eloquentem3
636 1193 740 1256 neque
763 1173 849 1237 enim
871 1171 1003 1238 flumine
1027 1196 1099 1240 oon·

86 1261 206 1326 turbor
224 1260 369 1326 inanium
387 1261 561 1326 verborum
578 1282 637 1325 nec
656 1260 840 1350 subtilitate
854 1263 1099 1348 sententiarum,

84 1351 117 1414 si
140 1349 304 1415 orationis
332 1353 383 1413 est
410 1348 548 1414 siccitas.
593 1348 644 1413 Tu
666 1353 788 1431 autem,
816 1347 929 1434 Cotto,
960 1354 1099 1435 utreque

86 1459 123 1502 re
146 1437 295 1520 voluisti3
320 1459 439 1503 corona
461 1437 524 1501 tibi
547 1441 580 1502 st
598 1437 722 1502 iudices
746 1436 926 1503 defuerunt.
970 1435 1034 1503 Sed
1056 1439 1099 1504 ad

86 1527 154 1592 iste
179 1526 261 1590 alies
296 1547 382 1590 nunc
403 1523 573 1609 Lucilium,
596 1525 624 1590 si
646 1525 711 1611 ipsi
733 1525 939 1591 commodum
962 1531 1021 1610 ert,
1044 1551 1098 1592 eu-

46 1632 72 1671 10
87 1614 226 1679 diemus.
262 1575 346 1678 hum
363 1611 501 1678 Balbus:
522 1613 670 1678 Eundem
689 1614 838 1697 equidem
857 1613 970 1678 malim
989 1616 1099 1680 audire
1118 1635 1135 1684 2

82 1701 236 1786 Cottum,
272 1702 364 1786 dum,
400 1723 464 1786 que
496 1703 681 1785 eloquentie
712 1702 815 1767 fclsos
846 1702 922 1768 deos
955 1705 1100 1790 sustulit,

85 1791 203 1856 eedem
223 1811 320 1856 ueros
342 1789 482 1855 iuducet.
517 1789 580 1855 Est
603 1791 689 1855 enim
712 1794 745 1855 et
763 1790 952 1876 philosophi
970 1796 1003 1856 et
1019 1813 1100 1878 pon-

85 1879 187 1944 tificis
216 1881 250 1943 et
271 1876 388 1944 Oottee
416 1878 532 1943 dedis
559 1878 788 1944 inmortalibus
815 1879 936 1944 hebere
962 1901 1030 1945 non
1053 1903 1100 1946 cr-

86 1972 218 2032 rentem
237 1970 275 2032 et
294 1987 429 2052 negem,
455 1971 493 2031 ut
515 1966 714 2049 Academici,
741 1966 811 2050 sed,
833 1970 871 2032 ut
893 1969 1012 2052 nostri,
1035 1973 1100 2035 ste·

47 2072 73 2112 1⁵
86 2056 192 2120 lrilem
219 2058 404 2139 certemus
427 2055 630 2120 sententium.
676 2054 764 2120 Nom
787 2059 901 2120 contre
921 2055 1100 2140 Epicurum

86 2144 172 2210 sctis
197 2165 355 2228 superque
379 2143 501 2209 dictum
524 2147 583 2208 cst.
627 2141 692 2208 Sed
711 2165 794 2208 vevrco
818 2143 939 2228 audire,
960 2149 999 2210 tu
1015 2147 1101 2231 ipsc,

87 2231 199 2315 (lette
222 2231 300 2316 quid
317 2231 448 2297 senties.
484 2232 547 2315 An,
566 2232 684 2316 inquit,
702 2232 829 2297 oblitus
844 2253 892 2318 es,
911 2233 989 2317 quid
1006 2234 1100 2300 initio

86 2319 237 2404 dixerim,
257 2319 386 2384 facilius
406 2342 466 2405 me,
484 2321 607 2384 talibus
625 2320 819 2405 praesertim
836 2321 1001 2404 derebus,
1023 2323 1102 2406 quid

84 2431 156 2474 non
193 2408 361 2492 sentirem,
398 2430 495 2493 quom
527 2408 605 2493 quid
637 2409 791 2473 sentirem
798 2459 807 2492 ‚
841 2430 940 2494 posse
968 2410 1100 2475 dicere?

48 2514 73 2555 2⁰
84 2496 215 2574 Quodsi
237 2497 391 2561 haberem
409 2496 549 2582 eliquid,
574 2496 664 2581 quod
687 2497 839 2582 liqueret,
863 2501 978 2562 tamen
998 2502 1032 2562 tc
1054 2498 1136 2563 iri-3

86 2585 201 2652 cissim
229 2585 340 2650 audire
365 2585 498 2670 vellem,
526 2607 599 2650 cum
625 2585 696 2670 ipse
717 2589 788 2651 tem
811 2586 916 2651 multa
939 2585 1100 2651 dixissem.

86 2674 174 2739 Tum
196 2671 335 2738 Bulbus:
358 2672 477 2738 Geram
499 2673 563 2739 tihi
584 2695 709 2738 morem
731 2677 766 2738 et
788 2695 886 2760 agam
905 2693 1008 2758 »qoem
1031 2675 1101 2739 bre

85 2763 233 2828 rissume
265 2765 396 2846 potero;
432 2762 552 2826 etenim
583 2761 739 2827 convictis
771 2761 905 2846 Epicuri
936 2763 1100 2827 erroribus

86 2851 192 2937 longa
210 2849 249 2914 de
265 2872 341 2916 mea
359 2850 579 2936 <disputatione
592 2849 739 2914 detracta
753 2849 859 2915 oratio
874 2853 933 2914 cst.
960 2848 1101 2917 Omnino

49 2953 74 2996 ²⁶
87 2938 240 3005 diotone
259 2939 366 3004 nostri
384 2941 493 3004 totum
515 2938 614 3003 istum
633 2938 672 3003 de
691 2938 740 3004 dis
756 2938 987 3003 inmortalibus
1007 2961 1101 3023 quoe·

87 3027 232 3093 stionem
252 3025 287 3091 in
304 3027 408 3112 pertis
427 3030 591 3112 quattuor.
625 3026 773 3091 Primum
792 3026 908 3092 docent
925 3047 997 3091 esse
1011 3027 1101 3113 deos,

89 3115 205 3181 deinde
229 3116 342 3199 quales
363 3115 445 3200 sint,
468 3118 539 3180 tum
562 3115 717 3180 mundum
740 3114 781 3179 eb
803 3115 846 3178 iis
867 3115 1101 3201 administrari,

87 3208 258 3289 postremo
287 3203 453 3268 consulere
481 3225 536 3268 eos
561 3203 660 3269 rebus
687 3203 847 3268 humenis.
893 3201 963 3268 Nos
992 3208 1101 3269 eutem

88 3291 151 3359 hoc
166 3311 330 3376 sermons,
351 3313 435 3375 quoe
452 3292 564 3377 priore
582 3291 645 3357 duo
660 3295 746 3377 sunt,
765 3312 943 3376 sumemusq
966 3293 1101 3357 tertium

53 3384 123 3445 ³⁰et
155 3383 324 3466 quantum,
355 3379 432 3464 quie
462 3379 587 3445 meiora
619 3383 708 3464 sunt,
738 3383 820 3466 puto
852 3402 922 3446 esse
950 3381 986 3444 in
1013 3379 1102 3446 eliud

91 3475 221 3554 tempus
249 3467 435 3533 differendo.
479 3467 614 3532 Minime
635 3489 728 3550 vero,
754 3468 863 3552 inquit
883 3467 997 3549 Cotte3
1023 3489 1100 3533 num
