2528 3880
313 101 382 159 ΜΒ.
401 103 422 160 Ι.
442 101 518 160 ΟΑΡ.
538 108 652 160 25-28.
671 108 688 170 ς
706 109 820 160 40-44.
1006 106 1073 171 291

59 269 132 312 cum
159 268 261 332 penes
288 269 389 314 unum
415 251 467 314 est
495 247 639 312 omnium
663 269 790 314 summa
812 271 935 333 rerum,
962 271 1075 337 regem

59 335 155 400 illum
174 335 180 419 Ι
200 357 301 400 unum
324 357 478 401 vocamus
498 340 531 400 et
548 357 687 421 regnum
705 337 774 402 eius
792 337 845 402 rei
858 337 963 423 publi·
983 341 1023 420 [p.
1039 354 1074 406 95

60 446 114 489 cae
138 426 273 488 statum.
314 422 397 490 (lum
421 428 529 490 autem
553 427 603 488 est
624 446 724 509 penes
748 425 900 509 delectos,
921 430 992 492 tum
1015 426 1075 493 illa

59 511 177 577 civitas
204 511 415 597 optimatium
444 512 581 578 arbitrio
608 513 680 598 regi
708 513 834 580 dicitur.
878 514 942 580 llla
965 519 1075 581 autem

36 603 109 665 sest
137 598 255 666 civitas
282 600 451 686 popularis
479 596 540 686 (sie
562 600 647 666 enim
672 599 870 688 appellant),
896 603 931 667 in
954 605 1075 688 quain

58 689 182 774 populo
221 691 298 754 sunt
330 688 448 752 omnia.
494 688 604 773 Atque
636 689 753 754 horum
785 691 886 756 trium
919 712 1076 778 generum

60 777 207 862 quodviS,
231 777 260 841 si
282 780 393 842 teneat
414 776 498 842 illud
519 777 672 860 vinclum,
698 778 785 862 quod
806 779 949 864 primum
971 780 1074 845 homi·

59 887 115 930 nes
138 865 228 929 inter
251 886 286 930 se
308 865 356 930 rei
378 865 529 950 publicae
552 865 707 931 societate
731 866 888 952 devinxit,
916 890 984 933 non
1005 890 1076 953 per·
1185 945 1187 952 Ι

58 953 182 1019 fectum
214 953 297 1018 illud
327 953 457 1036 quidem
483 975 588 1037 neque
617 975 690 1020 mea
720 956 884 1020 sententia
914 956 1075 1041 optimum

25 1047 115 1126 nest,
143 1041 202 1106 sed
228 1042 401 1106 tolerabile
426 1040 430 1125 Ι
458 1044 582 1126 tamen,
610 1045 648 1107 ut
675 1040 765 1108 aliud
787 1043 852 1109 alio
875 1066 952 1130 pos·
980 1046 1021 1126 [p.
1040 1061 1075 1110 ea

59 1130 103 1196 sit
125 1151 199 1196 esse
216 1129 448 1214 praestantius.
482 1129 569 1194 Nam
592 1130 645 1194 vel
668 1152 725 1196 rex
748 1153 871 1216 aequus
889 1155 927 1198 ae
945 1133 1076 1218 sapiens
1120 1195 1124 1201 .

58 1219 111 1284 vel
135 1217 255 1284 delecti
277 1241 316 1284 ac
338 1218 502 1303 principes
524 1218 611 1283 cives
631 1219 684 1284 vel
703 1219 773 1303 ipse
791 1221 942 1305 populus,
966 1243 1076 1306 quam·

60 1329 159 1392 quam
187 1305 222 1370 id
245 1310 296 1370 cst
318 1305 451 1372 minime
473 1307 691 1392 probandum,
721 1311 833 1372 tamen
854 1309 955 1374 nullis
978 1311 1076 1374 inter·

59 1395 151 1460 iectis
174 1394 406 1479 iniquitatibus
430 1398 487 1460 aut
505 1394 739 1479 cupiditatibus
757 1417 854 1480 posse
872 1397 1001 1462 videtur
1018 1398 1076 1462 ali-

25 1502 47 1542 u
60 1506 123 1569 quo
148 1505 220 1548 esse
242 1504 310 1548 non
331 1485 455 1548 incerto
480 1486 578 1547 statu.
1085 1540 1128 1606 27

126 1569 191 1636 Sed
220 1574 253 1636 et
279 1571 315 1634 in
341 1571 451 1656 regnis
475 1571 572 1636 nimis
596 1575 745 1656 expertes
769 1575 846 1637 sunt
869 1573 969 1638 ceteri
991 1594 1076 1638 com·
1093 1620 1128 1668 43

59 1660 168 1725 munis
200 1659 281 1723 iuris
315 1663 348 1724 et
374 1659 516 1743 consilii,
548 1660 643 1724 etin
670 1660 880 1744 optimatium
908 1661 1076 1727 dominatu

58 1749 114 1814 rix
137 1748 303 1848 particeps
326 1747 491 1813 libertatis
510 1751 709 1832 potestesse
728 1747 733 1831 Ι
753 1749 939 1833 multitudo,
963 1752 1003 1830 [p.
1024 1765 1077 1814 roe¹

59 1859 134 1903 cum
164 1858 255 1901 omni
281 1835 418 1902 consilio
446 1835 609 1901 communi
637 1857 674 1900 ac
700 1839 865 1920 potestate
889 1841 1012 1920 eareat,
1042 1841 1077 1902 ct

23 1943 134 1991 weum
169 1923 280 1990 omnia
313 1946 372 2008 per
399 1925 555 2008 populum
583 1927 740 2009 geruntur
773 1925 921 2008 quamvis
951 1926 1076 1990 iustum

60 2018 159 2098 atque
182 2012 397 2095 moderatum,
419 2015 532 2076 tamen
553 2012 626 2096 ipsa
650 2013 866 2096 aequabilitas
886 2017 937 2078 est
954 2014 1076 2098 iniqua,

59 2125 133 2167 cum
156 2101 260 2165 habet
281 2100 391 2166 nullos
416 2100 535 2187 gradus
559 2100 738 2185 dignitatis.
780 2100 896 2186 Itaque
919 2103 948 2166 si
971 2101 1075 2186 Cyrus

59 2191 116 2256 illc
138 2189 256 2254 Perses
280 2188 479 2253 iustissimus
502 2187 567 2252 fuit
589 2189 917 2274 sapientissimusque
940 2213 1005 2275 rex,
1028 2194 1076 2254 ta

59 2301 135 2344 men
158 2277 243 2356 mihi
263 2277 379 2362 populi
401 2298 453 2342 res
478 2273 531 2362 (ea
554 2276 640 2340 enim
663 2280 722 2361 est,
744 2281 783 2341 ut
806 2278 872 2342 dixi
892 2282 998 2362 antea,
1019 2301 1077 2362 pu·

23 2383 48 2424 2⁵
60 2363 162 2452 blica)
186 2387 255 2432 non
277 2365 418 2430 maxime
442 2364 621 2449 expetenda
642 2363 743 2430 fuisse
766 2365 825 2429 illa
842 2365 980 2449 videtur,
1002 2387 1076 2430 eum

59 2458 230 2542 regeretur
247 2454 344 2518 unius
361 2457 445 2518 nutu
463 2475 500 2518 ac
520 2452 525 2537 Ι
545 2453 656 2536 modo;
678 2454 707 2517 si
720 2452 949 2537 Massilienses,
969 2455 1009 2533 [p.
1025 2469 1077 2518 106

58 2543 166 2610 nostri
189 2542 335 2626 chorites,
357 2563 416 2626 per
438 2541 580 2606 delectos
604 2545 637 2606 et
659 2541 821 2626 principes
845 2541 929 2606 cives
949 2561 1077 2606 summa

59 2631 189 2696 iustitia
211 2633 380 2717 reguntur,
403 2629 490 2694 inest
512 2632 624 2693 tamen
645 2628 680 2693 in
700 2650 739 2695 ea
758 2628 944 2694 condicione
961 2629 1076 2713 populi

61 2719 243 2785 similitudo
268 2717 427 2803 quaedam
450 2717 632 2800 servitutis3
655 2716 684 2782 si
706 2716 922 2782 Athenienses
946 2717 1077 2801 quibus·

22 2825 48 2865 ω
61 2808 136 2874 dam
165 2806 373 2892 temporibus
401 2805 531 2870 sublato
560 2805 734 2890 Areopago
761 2805 844 2870 nihil
871 2804 936 2869 nisi
961 2803 1077 2890 populi

62 2897 152 2962 scitis
180 2917 220 2962 ac
247 2891 386 2960 decretis
414 2894 571 2979 agebant,
598 2894 751 2976 quoniam
779 2892 950 2958 distinctos
973 2893 1077 2978 digni·

60 2985 140 3050 tatis
160 2983 285 3070 gradus
302 3003 369 3046 non
386 2982 562 3066 habebant,
579 3003 646 3046 non
664 2982 798 3046 tenebat
816 2984 967 3046 ornatum
982 3002 1076 3045 suum

61 3073 187 3139 civitas.

124 3161 239 3245 Atque
267 3159 330 3224 hoc
357 3160 475 3242 loquor
503 3158 541 3222 ds
567 3157 673 3222 tribus
697 3157 749 3222 his
772 3157 944 3242 generibus
967 3108 1129 3238 rammi}

23 3264 48 3305 ⁸⁵
61 3249 269 3335 publicarum
290 3269 358 3312 non
380 3245 522 3310 turbatis
546 3249 644 3328 atque
666 3243 860 3332 permixltis,
883 3246 940 3310 sed
963 3247 1004 3327 [p.
1024 3260 1076 3310 225

62 3359 157 3403 suum
186 3340 313 3402 statum
341 3333 536 3398 tenentibus.
575 3331 666 3408 Quae
695 3355 814 3419 genera
835 3333 977 3419 primum
999 3336 1077 3398 sunt

62 3425 96 3492 in
121 3425 164 3492 iis
193 3423 327 3510 singula
353 3422 458 3507 vitiis,
490 3442 572 3507 quae
598 3424 674 3486 ante
703 3421 782 3506 dixi,
814 3421 927 3486 deinde
954 3422 1077 3486 habent

807 3524 861 3580 19*
