2630 3890
348 141 416 196 LIB.
434 142 469 196 Π.
497 141 573 195 car.
592 147 705 196 ιιι-44.
729 146 744 206 s
763 147 877 196 sr-ea
1056 141 1121 204 229

40 339 46 344 .
112 288 149 350 et
175 285 217 350 ad
245 307 342 370 quam
369 284 505 368 quisque
528 306 677 348 maxume
700 306 770 348 rem
793 288 889 370 aptus
911 284 1041 350 futurus
1064 285 1122 367 sit3

113 377 230 456 cetera,
254 395 335 456 quae
357 373 581 457 profiteantur,
598 376 699 458 negat
716 372 785 437 ullo
804 373 899 437 modo
918 394 1014 457 posse
1034 372 1123 455 sciri3

114 461 235 526 etenim
262 461 465 547 geminorum
491 459 614 525 formas
642 482 713 524 esse
740 460 872 544 similis,
899 461 1001 524 vitam
1024 465 1122 544 atque

113 548 280 614 fortunam
308 550 498 633 plerumque
525 548 696 634 disparem.
736 546 868 612 Procles
891 551 924 612 et
946 548 1123 632 Ermysthe-

85 656 186 720 enea,
213 636 541 702 Lacedaemoniorum
563 657 671 722 reges,
699 637 820 721 gemini
841 636 960 701 fratres
982 636 1123 701 fuerunt.

115 724 163 789 At
188 725 213 789 ii
239 746 298 790 nec
325 725 462 790 totidem
486 745 588 789 annos
611 725 773 808 vixerunt3
800 746 884 789 anno
907 725 994 788 enim
1015 723 1124 790 Procli
1141 737 1174 787 91

115 814 186 878 vita
208 813 338 877 brevior
355 812 427 896 fuit,
450 812 653 896 multumque
670 811 699 876 is
717 811 814 876 fratri
831 834 940 876 rerum
957 817 1124 898 gestarum

115 901 224 987 gloria
245 901 420 986 praestitit.
456 899 503 964 At
521 921 582 986 ego
601 900 635 964 id
651 900 768 985 ipsum,
791 900 877 985 quod
894 900 944 964 vir
963 904 1124 986 optumus,

115 989 289 1074 Diogenes,
308 987 479 1054 Chaldaeis
498 988 592 1072 quasi
608 988 747 1072 quadam
760 987 1038 1072 praevaricatione
1051 1010 1124 1055 con-

74 1097 102 1135 10
117 1077 215 1160 cedit,
241 1098 327 1162 nego
349 1098 445 1161 posse
468 1076 626 1162 intellegi
666 1075 798 1140 Etenim
821 1099 907 1160 cum,
933 1079 970 1140 ut
991 1076 1057 1162 ipsi
1080 1077 1124 1141 di·

116 1168 208 1248 cunt,
240 1169 331 1230 ortus
360 1165 563 1229 nascentium
592 1164 670 1228 luna
698 1163 896 1247 moderetur,
927 1186 1028 1248 eaque
1059 1165 1124 1229 ani-

116 1253 324 1318 madvertant
346 1257 380 1317 et
401 1256 517 1317 notent
539 1252 646 1317 sidera
667 1251 822 1317 natalicia
842 1251 1006 1336 Chaldaei,
1030 1275 1124 1336 quae-

117 1363 254 1424 cumque
277 1343 373 1405 lunae
396 1341 507 1406 iuncta
525 1340 703 1423 videantur,
727 1341 894 1405 oculorum
911 1341 1123 1406 fallacissimo

117 1451 214 1495 sensu
240 1429 385 1494 iudicant
411 1451 462 1512 ea,
492 1450 573 1513 quae
602 1429 727 1492 ratione
756 1431 853 1512 atque
880 1428 989 1494 animo
1015 1429 1124 1494 videre

76 1535 102 1574 1⁵
117 1518 288 1584 debebant.
333 1517 437 1582 Docet
465 1517 550 1582 enim
573 1517 657 1581 ratio
681 1516 999 1600 mathematicorum,
1027 1539 1123 1601 quam

116 1606 190 1670 istis
221 1609 335 1670 notam
363 1627 432 1670 esse
463 1604 652 1689 oportebat,
685 1608 807 1688 quanta
833 1604 1019 1670 humilitate
1046 1605 1125 1670 luna

115 1695 241 1759 feratur
273 1698 395 1758 terram
427 1715 529 1777 paene
561 1692 767 1777 contingens,
799 1696 956 1776 quantum
988 1692 1075 1758 absit
1105 1717 1124 1758 a

116 1804 275 1867 proxuma
296 1780 447 1846 Mercurii
470 1781 581 1863 stella,
609 1781 713 1845 multo
736 1784 846 1844 autem
868 1780 998 1866 longius
1022 1804 1042 1846 a
1062 1779 1124 1846 Va

116 1870 214 1953 neris,
233 1869 345 1934 deinde
364 1869 429 1934 alio
448 1868 622 1933 intervallo
642 1868 741 1932 distet
760 1891 780 1933 a
799 1869 876 1952 sole,
895 1869 984 1933 cuius
1003 1868 1124 1934 lumine

76 1975 103 2016 2⁰
117 1957 313 2024 conlustrari
330 1961 479 2041 putatum
497 1957 623 2039 reliqua
640 1978 716 2021 vero
731 1957 796 2021 tria
809 1957 984 2021 intervalla
996 1957 1124 2022 infinita

117 2051 151 2111 et
173 2046 329 2127 inmensa,
352 2068 372 2110 a
394 2046 464 2110 sole
487 2046 527 2110 ad
546 2044 671 2127 Martis,
694 2043 767 2108 inde
786 2044 827 2108 ad
845 2042 941 2128 Iovis,
965 2045 1006 2110 ab
1026 2067 1064 2110 eo
1083 2047 1125 2110 ad

117 2132 250 2200 Saturni
277 2134 422 2216 stellam,
448 2133 522 2197 inde
551 2132 591 2197 ad
618 2133 744 2197 caelum
766 2133 886 2216 ipsum,
915 2132 1000 2216 quod
1023 2138 1124 2198 extre-

117 2244 207 2287 mum
234 2225 333 2306 atque
359 2222 521 2286 ultumum
544 2221 655 2285 mundi
678 2224 736 2285 est.
779 2219 873 2296 Quae·
890 2224 1001 2305 potest
1022 2221 1124 2307 igitur
1143 2234 1176 2283 sa

117 2309 270 2394 contagio
298 2331 337 2373 ex
358 2309 486 2374 infinito
509 2330 610 2393 paene
633 2309 807 2374 intervallo
830 2308 992 2394 pertinere
1014 2309 1056 2374 ad
1078 2310 1124 2374 lu-

77 2414 103 2454 25
117 2421 195 2462 nam
217 2397 270 2461 vel
292 2397 402 2482 potius
426 2397 467 2461 ad
490 2397 633 2461 terram?

184 2484 289 2561 Quid?
317 2507 389 2550 cum
413 2485 536 2568 dicunt,
557 2485 592 2548 id
614 2485 699 2568 quod
721 2483 762 2548 iis
786 2484 890 2548 dicere
912 2506 1042 2549 necesse
1065 2489 1124 2567 est,
1133 2485 1177 2550 44

117 2574 224 2639 omnis
252 2573 396 2638 omnium
424 2577 529 2657 ortus,
557 2573 748 2657 quicumque
777 2572 955 2657 gignantur
979 2572 1126 2637 inomni

116 2665 215 2744 terra,
234 2683 315 2745 quae
334 2662 504 2744 incolatur,
525 2661 654 2726 eosdem
673 2682 752 2743 esse,
771 2660 945 2744 eademque
964 2659 1125 2745 omnibus,

118 2749 173 2835 qui
197 2749 308 2814 eodem
332 2753 421 2814 statu
444 2749 525 2815 caeli
548 2752 582 2814 et
604 2749 775 2812 stellarum
793 2747 864 2812 nati
883 2748 958 2832 sint,
981 2748 1124 2814 accidere

76 2852 247 2902 ³⁰necesse
270 2859 353 2921 esse,
380 2859 487 2903 nonne
510 2837 578 2901 eius
601 2836 690 2902 modi
712 2838 802 2919 sunt,
829 2840 868 2900 ut
888 2857 929 2900 ne
952 2835 1034 2900 caeli
1057 2836 1125 2920 qui-

117 2925 191 2990 dem
217 2929 368 2990 naturam
394 2926 589 3011 interpretes
617 2925 699 2989 istos
722 2924 804 2989 caeli
825 2945 922 2989 nosse
945 2925 1123 3009 appareat?

117 3012 200 3080 (lum
223 3014 309 3078 enim
331 3013 383 3077 illi
405 3015 515 3097 orbes,
538 3013 594 3097 qui
616 3013 741 3078 caelum
765 3011 858 3094 quasi
881 3012 1023 3076 medium
1046 3012 1123 3078 divi-

117 3102 198 3166 dunt
228 3105 260 3166 ct
291 3104 458 3186 aspectum
486 3105 636 3166 nostrum
667 3099 836 3183 definiunt,
866 3100 921 3184 qui
949 3099 1123 3166 aGraecis

117 3184 285 3271 ὁρίζοντες
310 3189 531 3272 nominantur,
561 3212 581 3253 a
606 3189 701 3254 nobis
724 3187 911 3252 finientes
934 3189 1124 3254 rectissume

75 3292 102 3333 ³⁶
115 3277 278 3343 nominari
300 3280 446 3361 possunt,
468 3277 661 3342 varietatem
684 3297 869 3340 maxumam
891 3275 1034 3341 habeant
1056 3277 1124 3342 alii·

116 3388 178 3450 que
205 3365 240 3429 in
267 3365 340 3429 aliis
368 3365 449 3429 locis
477 3364 556 3448 sint,
583 3386 713 3429 necesse
741 3367 791 3428 est
814 3368 905 3429 ortus
927 3385 1123 3450 occasusque

115 3454 258 3519 siderum
280 3474 347 3518 non
369 3453 440 3516 fieri
458 3453 570 3517 eodem
588 3457 735 3537 tempore
754 3451 840 3538 apud
858 3451 972 3518 omnis.
1001 3451 1123 3528 Quodsi
1141 3463 1174 3512 ss
