2580 3874
214 131 257 196 26
524 129 573 182 DE
592 127 743 182 NATURA
760 126 915 182 DEORUM

214 278 266 340 est
278 274 425 340 veritas?
447 272 487 338 In
499 272 636 355 mundis,
651 272 755 356 credo,
768 270 1059 336 innumerabilibus
1074 271 1233 337 omnibus

214 363 358 428 minimis
381 366 565 446 temporum
587 360 716 445 punctis
740 359 815 424 aliis
837 359 1054 444 nascentibus,
1079 360 1153 424 aliis
1177 383 1233 426 ca-

215 452 376 517 dentibus.
421 450 475 516 An
496 449 532 513 in
553 448 727 513 individuis
751 448 950 532 corpusculis
974 452 1043 512 tam
1057 449 1234 532 praeclara

216 562 316 626 opera
328 539 420 604 nulla
434 537 622 602 moderante
630 540 757 620 natura,
767 535 859 600 nulla
868 536 995 601 ratione
1003 537 1232 622 fingentibus?

216 626 279 694 Sed
302 627 423 693 oblitus
446 624 656 690 liberalitatis
680 646 784 708 meae,
812 646 876 708 qua
897 627 1005 689 tecum
1027 624 1127 709 paulo
1151 630 1233 690 ante
1265 648 1279 686 s

215 717 265 782 uti
287 736 466 800 coeperam,
487 714 584 797 plura
606 712 813 797 complector.
858 710 1040 777 Concedam
1062 712 1165 799 igitur
1189 736 1234 778 ex

215 803 389 870 individuis
408 805 557 868 constare
576 801 693 866 omnia.
728 798 812 875 Quid
826 799 867 864 ad
881 801 972 864 rem?
992 799 1126 866 deorum
1140 801 1234 866 enim

162 906 197 956 68
215 897 334 958 natura
365 890 539 975 quaeritur.
589 886 662 953 Sint
694 909 771 952 sane
799 910 837 952 ex
865 887 999 971 atomis3
1031 909 1098 953 non
1124 889 1236 974 igitur

217 980 348 1046 aeterni.
395 977 487 1054 Quod
514 976 601 1042 enim
629 998 668 1041 ex
695 976 827 1059 atomis,
853 975 888 1040 rd
913 979 1029 1041 natum
1052 977 1234 1060 aliquando

216 1073 281 1152 est3
308 1067 337 1132 si
363 1070 491 1150 natum,
517 1065 602 1130 nulli
624 1064 676 1129 dei
699 1067 773 1128 ante
797 1086 895 1148 quam
916 1065 1002 1148 nati3
1029 1068 1062 1129 et
1085 1065 1114 1129 si
1136 1071 1235 1130 ortus
1253 1089 1278 1126 ιο

216 1160 267 1222 est
289 1156 432 1239 deorum,
454 1153 606 1218 interitus
630 1153 674 1217 sit
691 1174 822 1218 necesse
841 1155 900 1236 est,
923 1156 961 1217 ut
978 1157 1016 1218 tu
1033 1152 1132 1239 paulo
1152 1159 1235 1220 ante

217 1245 256 1310 de
278 1243 427 1309 Platonis
455 1242 574 1308 mundo
602 1241 802 1326 disputabas.
847 1239 913 1306 Ubi
939 1241 1042 1326 igitur
1068 1242 1150 1306 illud
1177 1266 1236 1308 ve

217 1337 322 1398 strum
353 1332 487 1396 beatum
518 1333 551 1394 et
584 1329 773 1394 aeternum?
810 1329 927 1413 quibus
962 1328 1087 1395 duobus
1118 1331 1236 1396 verbis

217 1419 408 1506 significatis
430 1419 539 1502 deum3
561 1418 648 1503 quod
670 1439 744 1483 cum
766 1417 892 1482 efficere
911 1417 1022 1503 vultis,
1044 1418 1080 1483 in
1097 1419 1237 1485 dumeta

217 1507 401 1593 conrepitis.
436 1506 490 1571 Ita
512 1505 599 1572 enim
622 1506 762 1590 dicebas,
783 1527 850 1571 non
871 1528 990 1591 corpus
1013 1528 1084 1572 csse
1105 1508 1141 1571 in
1159 1508 1235 1594 deo,
1252 1528 1276 1568 15

218 1597 273 1662 sed
296 1595 390 1681 quasi
412 1616 543 1680 corpus,
570 1616 630 1660 nec
653 1593 858 1679 sanguinem,
886 1594 943 1659 sed
964 1598 1134 1679 tamquam
1158 1618 1235 1661 san-

190 1713 204 1732 -
263 1706 359 1749 mem.

164 1714 207 1854 ἓξ
219 1707 263 1772 gu
283 1771 355 1838 Hoc
387 1793 542 1857 persaepe
574 1770 696 1854 facitis,
727 1772 778 1854 ut,
810 1792 883 1835 curn
915 1769 1038 1854 aliquid
1064 1793 1131 1837 non
1160 1774 1235 1838 veri

218 1861 324 1926 simile
352 1860 468 1925 dicatis
496 1863 530 1924 et
553 1859 694 1944 effugere
716 1858 1000 1944 reprehensionem
1023 1859 1146 1945 velitis,
1178 1863 1235 1926 ad·
1284 1897 1285 1919 r

216 1949 331 2015 feratis
359 1948 495 2032 aliquid,
523 1947 608 2032 quod
636 1946 767 2012 omnino
794 1968 835 2012 ne
862 1947 934 2010 fieri
961 1947 1091 2031 quidem
1113 1952 1234 2035 possit,
1249 1971 1272 2009 a

217 2041 254 2102 ut
277 2037 381 2102 satius
399 2035 499 2101 fuerit
517 2036 599 2100 illud
616 2036 733 2120 ipsum,
756 2034 877 2120 dequo
897 2035 1136 2121 ambigebatur,
1157 2060 1235 2103 con·

217 2125 329 2190 cedere
358 2147 457 2210 quam
483 2128 553 2189 tam
574 2123 768 2209 inpudenter
788 2123 950 2188 resistere.
990 2123 1091 2190 Velut
1113 2123 1234 2210 Epicu-

217 2235 273 2278 rus
297 2236 371 2279 cum
394 2213 528 2296 videret,
552 2211 581 2277 si
603 2211 889 2277 atomiferrcntur
911 2211 1076 2278 inlocum
1099 2212 1235 2280 inferio·
1283 2247 1284 2267 r

216 2323 286 2366 rem
318 2303 435 2386 suopte
466 2300 620 2385 pondere,
651 2299 736 2363 nihil
761 2299 832 2365 fore
858 2300 893 2364 in
919 2304 1034 2365 nostra
1055 2304 1235 2388 potestate,

218 2389 304 2474 quod
327 2392 413 2454 esset
432 2410 543 2453 aarum
561 2392 670 2454 motus
689 2390 796 2452 certus
815 2392 848 2452 et
860 2389 1071 2473 necessarius,
1093 2389 1234 2477 invenit,
1248 2409 1272 2450 a

218 2499 281 2562 quo
309 2476 406 2542 modo
433 2475 661 2542 necessitatem
689 2476 857 2560 effugeret,
886 2477 972 2560 quod
993 2477 1146 2543 videlicet
1169 2478 1235 2545 De-
1282 2517 1283 2520 κ

217 2565 390 2630 mocritum
412 2565 557 2649 fugerat3
586 2563 633 2629 ait
656 2567 816 2649 atomum,
840 2586 912 2630 curn
934 2565 1076 2650 pondere
1099 2569 1133 2632 et
1157 2588 1234 2652 gra·
1282 2561 1283 2617 l

216 2653 320 2718 vitate
357 2652 485 2719 derecto
517 2653 650 2717 deorsus
682 2652 820 2734 feratur,
858 2652 1019 2718 declinare
1050 2655 1235 2738 paululum.

165 2755 199 2805 το
217 2741 289 2808 Hoc
317 2741 421 2806 dicere
447 2740 575 2826 turpius
604 2743 654 2805 est
682 2762 780 2824 quam
806 2740 901 2826 illud,
933 2741 1019 2826 quod
1045 2743 1132 2827 vult,
1164 2766 1235 2810 non

217 2851 313 2915 posse
337 2829 514 2894 defendere.
550 2827 641 2893 Idem
663 2829 743 2894 facit
766 2833 880 2896 contra
899 2829 1100 2915 dialecticos3
1123 2833 1235 2917 aqui·
1248 2837 1282 2891 eol

217 2919 279 2983 bus
309 2940 383 2983 cum
412 2917 570 2983 traditum
598 2917 642 2981 sit
668 2917 703 2981 in
727 2918 876 2983 omnibus
900 2917 1167 3004 diiunctionibus,
1198 2921 1235 2986 in
1281 2893 1282 2966 l

219 3006 336 3090 quibus
374 3005 456 3070 ‘aut
492 3005 609 3070 ctiam
646 3009 711 3070 aut
742 3005 832 3072 non'
864 3011 1052 3092 poneretur,
1089 3008 1235 3074 alterum

217 3099 329 3158 utrum
353 3115 423 3158 esse
445 3115 567 3177 verum,
590 3094 773 3178 pertimuit,
799 3115 853 3177 ne,
882 3094 910 3158 si
932 3117 1121 3162 concessum
1144 3101 1235 3163 esset
1280 3161 1281 3180 ,

218 3182 314 3248 huius
343 3182 430 3248 modi
458 3182 594 3266 aliquid:
623 3181 711 3246 ‘Aut
738 3183 844 3248 vivet
871 3204 955 3247 cras
984 3188 1154 3250 autnon
1177 3186 1234 3252 vi·

217 3274 282 3335 ret
299 3269 516 3356 Epicurus’,
539 3271 734 3335 alterutrum
756 3270 850 3334 fieret
871 3272 1099 3357 necessarium,
1122 3277 1234 3340 totum
1248 3289 1270 3330 ⁸⁵

217 3358 280 3424 hoc
303 3359 386 3423 ‘aut
408 3359 527 3424 etiam
550 3363 616 3424 aut
637 3357 730 3422 non'
753 3357 888 3443 negavit
910 3380 980 3424 esse
998 3361 1234 3446 necessarium

218 3469 282 3532 quo
313 3445 391 3532 quid
420 3447 483 3512 dici
508 3447 618 3533 potuit
645 3444 817 3511 obtusius?
862 3445 1035 3533 Urguebat
1065 3448 1234 3517 Arcesilas
1279 3447 1280 3452 ’
