2630 3890
183 163 248 232 18'0
530 164 580 220 DE
598 163 840 220 DIVINATIONE

182 331 253 376 esse
282 310 405 375 ductae.
450 308 580 375 Etenim
603 309 761 394 Aegyptii
788 312 822 373 et
843 307 1080 392 Babylonii-in
1107 331 1191 375 cam·

182 421 299 484 porum
320 397 504 483 petentium
525 397 718 483 aequoribus
736 396 932 480 habitantes,
954 419 1028 462 cum
1046 419 1085 462 ex
1102 401 1192 463 terra

181 487 265 552 nihil
284 487 447 570 emineret,
470 487 558 571 quod
580 485 848 570 contemplationi
871 485 952 550 caeli
971 485 1099 551 officere
1117 507 1190 571 pos-

183 579 246 660 set,
274 597 403 641 omnem
431 596 541 640 curam
567 573 603 638 in
630 574 772 639 siderum
794 573 980 659 cognitione
1002 578 1191 659 posuerunt,

181 664 313 729 Etrusci
331 665 449 747 autem,
473 662 560 748 quod
576 662 734 748 religione
751 662 859 727 inbuti
877 661 1054 727 studiosius
1073 666 1106 726 et
1124 685 1189 728 cre
1218 681 1233 720 ⁵

182 752 274 817 brius
296 751 423 817 hostias
446 750 671 835 immolabant,
695 753 843 816 extorum
865 750 1046 835 cognitioni
1069 772 1103 816 se
1122 773 1188 816 ma·

182 862 279 906 xume
301 839 500 924 dediderrmt,
523 838 672 924 quodque
689 842 825 925 propter
842 839 925 904 a‘e'ris
944 837 1192 905 crassitudinem

184 929 223 994 de
245 928 336 994 caelo
359 927 445 1013 apud
468 949 523 994 eos
545 927 651 991 multa
673 926 804 1012 fiebant,
827 930 861 992 et
883 927 970 1011 quod
993 927 1035 992 ob
1057 928 1190 992 eandem

184 1038 315 1083 causam
337 1015 443 1080 multa
464 1015 635 1080 invisitata
655 1015 777 1099 partim
799 1037 817 1080 e
840 1015 939 1100 eaelo,
962 1015 1029 1081 alia
1047 1037 1085 1080 ex
1103 1019 1191 1080 terra

184 1105 386 1189 criebantur,
416 1103 574 1189 quaedam
604 1103 703 1168 etiarn
732 1125 772 1168 ex
797 1102 967 1168 hominum
992 1104 1190 1188 pecudumve
1206 1123 1232 1162 10

184 1197 342 1278 conceptu
376 1197 409 1258 et
442 1196 530 1276 satu,
566 1195 769 1257 ostentorum
802 1192 1063 1258 exercitatusfflmr
1094 1196 1192 1256 mter·

183 1286 293 1368 pretes
316 1281 520 1346 exstiterunt.
562 1278 706 1356 Quorum
728 1280 858 1365 quidem
881 1279 961 1365 vim,
983 1283 1021 1345 ut
1043 1283 1081 1346 tu
1104 1281 1189 1345 soles

184 1370 299 1456 dicere,
321 1371 421 1435 verba
442 1369 515 1454 ipsa
532 1369 708 1453 prudenter
726 1390 746 1433 a
766 1367 943 1433 maioribus
961 1367 1071 1453 posita
1089 1368 1191 1434 decla·

183 1463 267 1524 rant.
313 1456 396 1534 Quia
423 1458 509 1522 enim
537 1457 724 1541 ostendunt,
756 1457 966 1542 portendunt,
996 1460 1191 1541 monstrant,

183 1547 383 1632 praedicunt,
405 1549 543 1630 ostenta,
563 1548 725 1631 portenta,
743 1549 898 1629 monstra,
916 1545 1066 1632 prodigia
1084 1545 1231 1610 dicun-1⁵

132 1649 166 1698 94
184 1639 247 1700 tur.
284 1633 410 1700 Arabes
434 1638 544 1699 autem
567 1637 600 1698 et
617 1632 763 1720 Phryges
787 1637 820 1698 et
839 1631 963 1717 Cilices,
987 1634 1072 1718 quod
1094 1637 1192 1719 pastu

184 1723 343 1808 pecudum
374 1743 523 1787 maxume
552 1725 689 1787 utuntur
716 1743 847 1806 campos
875 1725 908 1786 et
935 1724 1062 1786 montes
1084 1721 1191 1786 hieme

185 1815 219 1876 et
236 1813 360 1876 aestate
378 1813 601 1896 peragrantes,
619 1809 937 1896 proptereafacilius
955 1813 1068 1875 cantus
1082 1810 1191 1876 avium

185 1902 218 1964 et
235 1899 364 1963 volatus
382 1901 593 1983 notaverunt,
615 1900 789 1982 eademque
808 1902 842 1962 et
853 1897 995 1963 Pisidiae
1013 1920 1112 1964 eausa
1127 1898 1192 1962 fuit

185 1990 218 2050 et
240 1985 316 2051 huic
337 1989 469 2052 nostrae
487 1985 652 2051 Umbriae.
688 1986 772 2051 Tum
795 1984 891 2052 (laria
913 1989 986 2052 tota
1007 1987 1191 2072 praecipue·
1205 2003 1232 2042 20
1313 1982 1315 1993 ’

185 2094 247 2158 que
269 2073 459 2158 Telmesses,
482 2096 562 2158 quos
586 2077 661 2138 ante
680 2074 755 2157 dixi,
778 2075 864 2158 quod
883 2095 980 2161 agros
999 2075 1190 2140 uberrumos

46 2227 55 2248 ,
185 2161 388 2245 maximeque
409 2160 534 2228 fertiles
557 2162 711 2247 incolunt,
733 2163 769 2227 in
791 2163 909 2247 quibus
932 2163 1037 2227 multa
1058 2166 1191 2248 propter

183 2249 416 2315 fecunditatem
443 2250 525 2335 fingi
552 2250 706 2336 gignique
728 2255 879 2337 possunt,
904 2250 940 2316 in
962 2252 1099 2317 ostentis
1125 2250 1191 2317 aui·

132 2338 424 2463 43madvertendis
447 2338 619 2440 diligentes
641 2338 780 2441 fuerunt.
1144 2428 1150 2442 ι

132 2476 166 2526 ⁹⁵
184 2424 1191 2604 purlllm'eiislilaliliiqllllillllilgilellbll
1204 2442 1231 2484 ²⁵

184 2603 306 2668 luisse?
343 2602 422 2678 Quis
444 2625 501 2668 rer
518 2625 673 2688 umquam
690 2603 763 2689 fuit,
786 2605 859 2689 quis
880 2605 1030 2691 populus,
1053 2605 1109 2690 qui
1126 2626 1192 2670 non

183 2695 331 2756 uteretur
361 2691 581 2776 praedictione
614 2691 744 2758 divina?
775 2715 879 2778 neque
909 2694 1015 2758 solum
1042 2693 1077 2757 in
1102 2714 1191 2778 pace,

184 2780 242 2844 sed
263 2779 299 2844 in
320 2779 408 2845 bello
432 2780 536 2845 multo
559 2778 659 2844 etiam
681 2781 796 2866 magis,
820 2803 883 2865 quo
906 2781 1011 2847 maius
1035 2785 1105 2846 erat
1128 2802 1191 2847 cer·

183 2870 296 2932 tamen
317 2870 352 2933 et
373 2867 546 2933 discrimen
564 2867 690 2933 salutis.
731 2869 855 2934 Omitto
873 2873 1012 2954 nostros,
1035 2869 1092 2953 qui
1108 2867 1192 2934 nihil
1205 2886 1232 2926 ³0

183 2955 219 3019 in
247 2955 336 3021 bello
366 2955 436 3020 sine
466 2956 549 3020 extis
580 2960 694 3042 agunt,
725 2957 807 3021 nihil
836 2958 905 3022 sine
929 2958 1080 3043 auspiciis
1105 2955 1191 3024 domi

185 3042 321 3123 [habent
339 3044 510 3129 auspicia];
529 3047 662 3110 externa
678 3045 858 3111 videamus:
876 3043 1026 3130 Namque
1045 3049 1078 3111 et
1092 3046 1192 3110 Athe
1309 3068 1312 3097 ¹

182 3130 312 3195 nienses
330 3132 480 3197 omnibus
499 3153 626 3217 semper
643 3133 782 3218 publicis
797 3133 941 3199 consiliis
957 3134 1082 3200 divinos
1097 3155 1191 3219 quos-

184 3217 259 3282 dam
281 3219 478 3305 sacerdotes,
502 3241 583 3305 quos
605 3219 740 3304 μάντεις
761 3226 887 3307 vocant,
911 3221 1136 3307 adhibuerunt,
1159 3226 1192 3287 et

182 3304 430 3372 Lacedaemonii
450 3309 582 3394 regibus
606 3310 673 3374 suis
695 3331 851 3396 augurem
874 3311 1075 3376 adsessorem
1101 3311 1193 3376 dede·
1206 3327 1232 3370 es

182 3397 271 3478 runt,
300 3394 443 3479 itemque
471 3396 601 3461 senibus
630 3396 693 3484 (sic
720 3399 805 3464 enim
833 3398 1004 3464 eonsilium
1026 3399 1192 3485 publicum

183 3480 365 3569 appellant)
393 3505 550 3570 augurem
566 3485 733 3560 ¹interesse
755 3487 940 3572 voluerunt,
966 3486 1129 3572 iidemque
1153 3487 1193 3554 dc
