<?xml version="1.0" encoding="UTF-8"?>
<!DOCTYPE html PUBLIC "-//W3C//DTD XHTML 1.0 Transitional//EN"
    "http://www.w3.org/TR/xhtml1/DTD/xhtml1-transitional.dtd">
<html xmlns="http://www.w3.org/1999/xhtml" xml:lang="en" lang="en">
 <head>
  <title>
</title>
<meta http-equiv="Content-Type" content="text/html;charset=utf-8" />
  <meta name='ocr-system' content='tesseract 3.04.00' />
  <meta name='ocr-capabilities' content='ocr_page ocr_carea ocr_par ocr_line ocrx_word'/>
</head>
<body>
  <div class='ocr_page' id='page_1' title='image "./scriptaquaemans02mullgoog_0098.png"; bbox 0 0 2590 3880; ppageno 0'>
   <div class='ocr_carea' id='block_1_1' title="bbox 323 114 1098 182">
    <p class='ocr_par' dir='ltr' id='par_1_1' title="bbox 323 114 1098 182">
     <span class='ocr_line' id='line_1_1' title="bbox 323 114 1098 182; baseline 0.005 -14"><span class='ocrx_word' id='word_1_1' title='bbox 323 114 392 170; x_wconf 82' lang='lat' dir='ltr'>LIB.</span> <span class='ocrx_word' id='word_1_2' title='bbox 410 114 431 170; x_wconf 92' lang='grc' dir='ltr'>Ι.</span> <span class='ocrx_word' id='word_1_3' title='bbox 451 114 528 171; x_wconf 77' lang='grc' dir='ltr'><strong>ΟΔΡ.</strong></span> <span class='ocrx_word' id='word_1_4' title='bbox 548 122 664 172; x_wconf 82' lang='grc'>39-41,</span> <span class='ocrx_word' id='word_1_5' title='bbox 684 121 868 182; x_wconf 78' lang='lat'>§109-115.</span> <span class='ocrx_word' id='word_1_6' title='bbox 1056 115 1098 178; x_wconf 87' lang='lat'>41</span> 
     </span>
    </p>
   </div>
   <div class='ocr_carea' id='block_1_2' title="bbox 44 257 1155 3428">
    <p class='ocr_par' dir='ltr' id='par_1_2' title="bbox 44 257 1155 3428">
     <span class='ocr_line' id='line_1_2' title="bbox 83 257 1102 433; baseline -0.002 -20"><span class='ocrx_word' id='word_1_7' title='bbox 83 257 1102 433; x_wconf 53' lang='lat' dir='ltr'>33⁰bhtfl⁰dtlll.t⁰.l¹elll”lszhdffhshlssth</span> 
     </span>
     <span class='ocr_line' id='line_1_3' title="bbox 84 434 1153 523; baseline -0.003 -23"><span class='ocrx_word' id='word_1_8' title='bbox 84 435 260 523; x_wconf 86' lang='lat' dir='ltr'>generibus</span> <span class='ocrx_word' id='word_1_9' title='bbox 281 434 401 500; x_wconf 85' lang='lat' dir='ltr'>fruitur</span> <span class='ocrx_word' id='word_1_10' title='bbox 426 435 641 520; x_wconf 86' lang='lat' dir='ltr'>voluptatum.</span> <span class='ocrx_word' id='word_1_11' title='bbox 684 435 730 500; x_wconf 85' lang='lat' dir='ltr'>At</span> <span class='ocrx_word' id='word_1_12' title='bbox 753 436 812 500; x_wconf 91' lang='lat' dir='ltr'>has</span> <span class='ocrx_word' id='word_1_13' title='bbox 836 435 974 501; x_wconf 88' lang='lat' dir='ltr'>leviores</span> <span class='ocrx_word' id='word_1_14' title='bbox 998 436 1153 501; x_wconf 77' lang='lat' dir='ltr'>ducisne</span> 
     </span>
     <span class='ocr_line' id='line_1_4' title="bbox 82 522 1102 610; baseline 0.002 -22"><span class='ocrx_word' id='word_1_15' title='bbox 82 525 287 609; x_wconf 83' lang='lat' dir='ltr'>voluptates,</span> <span class='ocrx_word' id='word_1_16' title='bbox 316 523 433 608; x_wconf 88' lang='lat' dir='ltr'>quibus</span> <span class='ocrx_word' id='word_1_17' title='bbox 462 523 556 608; x_wconf 90' lang='lat' dir='ltr'>quasi</span> <span class='ocrx_word' id='word_1_18' title='bbox 582 523 732 589; x_wconf 72' lang='lat' dir='ltr'>titillatio</span> <span class='ocrx_word' id='word_1_19' title='bbox 756 522 903 610; x_wconf 78' lang='lat' dir='ltr'>(Epicuri</span> <span class='ocrx_word' id='word_1_20' title='bbox 930 524 1017 588; x_wconf 90' lang='lat' dir='ltr'>enim</span> <span class='ocrx_word' id='word_1_21' title='bbox 1039 524 1102 590; x_wconf 87' lang='lat' dir='ltr'>hoc</span> 
     </span>
     <span class='ocr_line' id='line_1_5' title="bbox 57 609 1101 698; baseline -0.002 -20"><span class='ocrx_word' id='word_1_22' title='bbox 57 612 221 678; x_wconf 72' lang='lat' dir='ltr'>ererbum</span> <span class='ocrx_word' id='word_1_23' title='bbox 259 609 324 698; x_wconf 86' lang='lat' dir='ltr'>cst)</span> <span class='ocrx_word' id='word_1_24' title='bbox 362 611 536 677; x_wconf 77' lang='lat' dir='ltr'>adhibetur</span> <span class='ocrx_word' id='word_1_25' title='bbox 572 613 730 677; x_wconf 82' lang='lat' dir='ltr'>sensibus.</span> <span class='ocrx_word' id='word_1_26' title='bbox 786 610 960 696; x_wconf 83' lang='lat' dir='ltr'>Quousque</span> <span class='ocrx_word' id='word_1_27' title='bbox 991 611 1101 676; x_wconf 80' lang='lat' dir='ltr'>ludis?</span> 
     </span>
     <span class='ocr_line' id='line_1_6' title="bbox 84 699 1102 784; baseline -0.003 -19"><span class='ocrx_word' id='word_1_28' title='bbox 84 700 173 765; x_wconf 89' lang='lat' dir='ltr'>Nam</span> <span class='ocrx_word' id='word_1_29' title='bbox 202 699 303 764; x_wconf 87' lang='lat' dir='ltr'>etiam</span> <span class='ocrx_word' id='word_1_30' title='bbox 325 699 421 765; x_wconf 91' lang='lat' dir='ltr'>Philo</span> <span class='ocrx_word' id='word_1_31' title='bbox 448 703 561 765; x_wconf 88' lang='lat' dir='ltr'>noster</span> <span class='ocrx_word' id='word_1_32' title='bbox 582 699 668 764; x_wconf 88' lang='lat' dir='ltr'>ferre</span> <span class='ocrx_word' id='word_1_33' title='bbox 690 722 757 766; x_wconf 93' lang='lat' dir='ltr'>non</span> <span class='ocrx_word' id='word_1_34' title='bbox 778 703 910 784; x_wconf 89' lang='lat' dir='ltr'>poterat</span> <span class='ocrx_word' id='word_1_35' title='bbox 933 699 1102 784; x_wconf 86' lang='lat' dir='ltr'>aspernari</span> 
     </span>
     <span class='ocr_line' id='line_1_7' title="bbox 82 787 1101 873; baseline -0.003 -19"><span class='ocrx_word' id='word_1_36' title='bbox 82 788 264 873; x_wconf 79' lang='lat' dir='ltr'>Epicureos</span> <span class='ocrx_word' id='word_1_37' title='bbox 288 787 398 852; x_wconf 91' lang='lat' dir='ltr'>mollis</span> <span class='ocrx_word' id='word_1_38' title='bbox 417 790 452 852; x_wconf 86' lang='lat' dir='ltr'>ct</span> <span class='ocrx_word' id='word_1_39' title='bbox 471 787 626 854; x_wconf 87' lang='lat' dir='ltr'>delicatas</span> <span class='ocrx_word' id='word_1_40' title='bbox 644 788 846 873; x_wconf 82' lang='lat' dir='ltr'>voluptates3</span> <span class='ocrx_word' id='word_1_41' title='bbox 870 809 997 853; x_wconf 90' lang='lat' dir='ltr'>summa</span> <span class='ocrx_word' id='word_1_42' title='bbox 1015 788 1101 852; x_wconf 90' lang='lat' dir='ltr'>enim</span> 
     </span>
     <span class='ocr_line' id='line_1_8' title="bbox 83 875 1101 962; baseline -0.003 -20"><span class='ocrx_word' id='word_1_43' title='bbox 83 876 244 942; x_wconf 91' lang='lat' dir='ltr'>memoria</span> <span class='ocrx_word' id='word_1_44' title='bbox 266 876 501 961; x_wconf 83' lang='lat' dir='ltr'>pronuntiabat</span> <span class='ocrx_word' id='word_1_45' title='bbox 523 877 682 961; x_wconf 87' lang='lat' dir='ltr'>plurimas</span> <span class='ocrx_word' id='word_1_46' title='bbox 700 877 834 962; x_wconf 82' lang='lat' dir='ltr'>Epicuri</span> <span class='ocrx_word' id='word_1_47' title='bbox 857 876 1036 941; x_wconf 87' lang='lat' dir='ltr'>sententias</span> <span class='ocrx_word' id='word_1_48' title='bbox 1059 875 1101 940; x_wconf 89' lang='lat' dir='ltr'>iis</span> 
     </span>
     <span class='ocr_line' id='line_1_9' title="bbox 82 963 1101 1050; baseline 0 -22"><span class='ocrx_word' id='word_1_49' title='bbox 82 965 165 1049; x_wconf 88' lang='lat' dir='ltr'>ipsis</span> <span class='ocrx_word' id='word_1_50' title='bbox 198 964 320 1047; x_wconf 83' lang='lat' dir='ltr'>verbis,</span> <span class='ocrx_word' id='word_1_51' title='bbox 352 964 470 1048; x_wconf 90' lang='lat' dir='ltr'>quibus</span> <span class='ocrx_word' id='word_1_52' title='bbox 499 969 592 1029; x_wconf 88' lang='lat' dir='ltr'>erant</span> <span class='ocrx_word' id='word_1_53' title='bbox 619 964 776 1050; x_wconf 83' lang='lat' dir='ltr'>scriptae3</span> <span class='ocrx_word' id='word_1_54' title='bbox 807 963 987 1030; x_wconf 88' lang='lat' dir='ltr'>Metrodori</span> <span class='ocrx_word' id='word_1_55' title='bbox 1014 985 1101 1048; x_wconf 84' lang='lat' dir='ltr'>vero,</span> 
     </span>
     <span class='ocr_line' id='line_1_10' title="bbox 45 1051 1102 1138; baseline -0.002 -20"><span class='ocrx_word' id='word_1_56' title='bbox 45 1073 71 1111; x_wconf 85' lang='lat'>10</span> <span class='ocrx_word' id='word_1_57' title='bbox 85 1053 142 1138; x_wconf 92' lang='lat' dir='ltr'>qui</span> <span class='ocrx_word' id='word_1_58' title='bbox 165 1055 217 1118; x_wconf 90' lang='lat' dir='ltr'>est</span> <span class='ocrx_word' id='word_1_59' title='bbox 230 1051 365 1137; x_wconf 79' lang='lat' dir='ltr'>Epicuri</span> <span class='ocrx_word' id='word_1_60' title='bbox 388 1052 516 1138; x_wconf 82' lang='lat' dir='ltr'>collega</span> <span class='ocrx_word' id='word_1_61' title='bbox 539 1052 726 1136; x_wconf 87' lang='lat' dir='ltr'>sapientiae,</span> <span class='ocrx_word' id='word_1_62' title='bbox 749 1053 855 1117; x_wconf 89' lang='lat' dir='ltr'>multa</span> <span class='ocrx_word' id='word_1_63' title='bbox 873 1053 1102 1137; x_wconf 65' lang='lat' dir='ltr'>inpushntiora</span> 
     </span>
     <span class='ocr_line' id='line_1_11' title="bbox 83 1139 1101 1225; baseline -0.002 -19"><span class='ocrx_word' id='word_1_64' title='bbox 83 1140 261 1224; x_wconf 82' lang='lat' dir='ltr'>recitabat3</span> <span class='ocrx_word' id='word_1_65' title='bbox 292 1143 424 1206; x_wconf 87' lang='lat' dir='ltr'>accusat</span> <span class='ocrx_word' id='word_1_66' title='bbox 455 1141 541 1204; x_wconf 90' lang='lat' dir='ltr'>enim</span> <span class='ocrx_word' id='word_1_67' title='bbox 569 1139 801 1224; x_wconf 80' lang='lat' dir='ltr'>Timocratem,</span> <span class='ocrx_word' id='word_1_68' title='bbox 832 1140 969 1205; x_wconf 82' lang='lat' dir='ltr'>fratrem</span> <span class='ocrx_word' id='word_1_69' title='bbox 997 1163 1101 1225; x_wconf 90' lang='lat' dir='ltr'>suum,</span> 
     </span>
     <span class='ocr_line' id='line_1_12' title="bbox 82 1228 1102 1313; baseline -0.001 -19"><span class='ocrx_word' id='word_1_70' title='bbox 82 1228 305 1312; x_wconf 85' lang='lat' dir='ltr'>Metrodorus,</span> <span class='ocrx_word' id='word_1_71' title='bbox 328 1228 414 1313; x_wconf 92' lang='lat' dir='ltr'>quod</span> <span class='ocrx_word' id='word_1_72' title='bbox 438 1228 564 1294; x_wconf 88' lang='lat' dir='ltr'>dubitet</span> <span class='ocrx_word' id='word_1_73' title='bbox 587 1229 708 1312; x_wconf 88' lang='lat' dir='ltr'>omnia,</span> <span class='ocrx_word' id='word_1_74' title='bbox 733 1250 815 1313; x_wconf 87' lang='lat' dir='ltr'>quae</span> <span class='ocrx_word' id='word_1_75' title='bbox 838 1229 880 1293; x_wconf 92' lang='lat' dir='ltr'>ad</span> <span class='ocrx_word' id='word_1_76' title='bbox 902 1229 1033 1293; x_wconf 87' lang='lat' dir='ltr'>beatam</span> <span class='ocrx_word' id='word_1_77' title='bbox 1056 1229 1102 1293; x_wconf 91' lang='lat' dir='ltr'>vi·</span> 
     </span>
     <span class='ocr_line' id='line_1_13' title="bbox 83 1316 1102 1402; baseline -0.001 -20"><span class='ocrx_word' id='word_1_78' title='bbox 83 1322 156 1382; x_wconf 87' lang='lat' dir='ltr'>tam</span> <span class='ocrx_word' id='word_1_79' title='bbox 183 1316 384 1402; x_wconf 86' lang='lat' dir='ltr'>pertineant,</span> <span class='ocrx_word' id='word_1_80' title='bbox 410 1321 524 1381; x_wconf 83' lang='lat' dir='ltr'>ventre</span> <span class='ocrx_word' id='word_1_81' title='bbox 552 1317 673 1400; x_wconf 90' lang='lat' dir='ltr'>metiri,</span> <span class='ocrx_word' id='word_1_82' title='bbox 700 1338 805 1401; x_wconf 93' lang='lat' dir='ltr'>neque</span> <span class='ocrx_word' id='word_1_83' title='bbox 832 1316 866 1382; x_wconf 94' lang='lat' dir='ltr'>id</span> <span class='ocrx_word' id='word_1_84' title='bbox 889 1318 990 1382; x_wconf 90' lang='lat' dir='ltr'>semel</span> <span class='ocrx_word' id='word_1_85' title='bbox 1014 1317 1102 1401; x_wconf 88' lang='lat' dir='ltr'>dicit,</span> 
     </span>
     <span class='ocr_line' id='line_1_14' title="bbox 83 1404 1102 1490; baseline -0.001 -19"><span class='ocrx_word' id='word_1_86' title='bbox 83 1405 144 1471; x_wconf 91' lang='lat' dir='ltr'>sed</span> <span class='ocrx_word' id='word_1_87' title='bbox 167 1405 305 1490; x_wconf 88' lang='lat' dir='ltr'>saepius.</span> <span class='ocrx_word' id='word_1_88' title='bbox 351 1404 501 1470; x_wconf 84' lang='lat' dir='ltr'>Adnuere</span> <span class='ocrx_word' id='word_1_89' title='bbox 524 1408 558 1469; x_wconf 91' lang='lat' dir='ltr'>te</span> <span class='ocrx_word' id='word_1_90' title='bbox 581 1405 688 1488; x_wconf 81' lang='lat' dir='ltr'>vide03</span> <span class='ocrx_word' id='word_1_91' title='bbox 713 1408 794 1470; x_wconf 84' lang='lat' dir='ltr'>nota</span> <span class='ocrx_word' id='word_1_92' title='bbox 817 1405 902 1469; x_wconf 90' lang='lat' dir='ltr'>enim</span> <span class='ocrx_word' id='word_1_93' title='bbox 925 1405 988 1470; x_wconf 91' lang='lat' dir='ltr'>tibi</span> <span class='ocrx_word' id='word_1_94' title='bbox 1011 1409 1102 1489; x_wconf 80' lang='lat' dir='ltr'>sunt3</span> 
     </span>
     <span class='ocr_line' id='line_1_15' title="bbox 44 1491 1102 1580; baseline 0.005 -27"><span class='ocrx_word' id='word_1_95' title='bbox 44 1513 69 1554; x_wconf 82' lang='lat'>1⁵</span> <span class='ocrx_word' id='word_1_96' title='bbox 84 1493 268 1580; x_wconf 76' lang='lat' dir='ltr'>proferrem</span> <span class='ocrx_word' id='word_1_97' title='bbox 291 1491 404 1576; x_wconf 90' lang='lat' dir='ltr'>libros,</span> <span class='ocrx_word' id='word_1_98' title='bbox 427 1493 456 1558; x_wconf 90' lang='lat' dir='ltr'>si</span> <span class='ocrx_word' id='word_1_99' title='bbox 477 1513 624 1578; x_wconf 86' lang='lat' dir='ltr'>negares.</span> <span class='ocrx_word' id='word_1_100' title='bbox 660 1491 775 1578; x_wconf 90' lang='lat' dir='ltr'>Neque</span> <span class='ocrx_word' id='word_1_101' title='bbox 792 1514 878 1559; x_wconf 91' lang='lat' dir='ltr'>nunc</span> <span class='ocrx_word' id='word_1_102' title='bbox 891 1493 1102 1578; x_wconf 91' lang='lat' dir='ltr'>reprehendo,</span> 
     </span>
     <span class='ocr_line' id='line_1_16' title="bbox 84 1578 1102 1667; baseline 0.001 -21"><span class='ocrx_word' id='word_1_103' title='bbox 84 1581 174 1667; x_wconf 92' lang='lat' dir='ltr'>quod</span> <span class='ocrx_word' id='word_1_104' title='bbox 207 1580 248 1646; x_wconf 91' lang='lat' dir='ltr'>ad</span> <span class='ocrx_word' id='word_1_105' title='bbox 278 1581 483 1666; x_wconf 82' lang='lat' dir='ltr'>voluptatem</span> <span class='ocrx_word' id='word_1_106' title='bbox 516 1581 626 1646; x_wconf 88' lang='lat' dir='ltr'>omnia</span> <span class='ocrx_word' id='word_1_107' title='bbox 657 1580 841 1646; x_wconf 84' lang='lat' dir='ltr'>referantur</span> <span class='ocrx_word' id='word_1_108' title='bbox 874 1578 955 1666; x_wconf 88' lang='lat' dir='ltr'>(alia</span> <span class='ocrx_word' id='word_1_109' title='bbox 985 1586 1036 1646; x_wconf 85' lang='lat' dir='ltr'>est</span> <span class='ocrx_word' id='word_1_110' title='bbox 1063 1603 1102 1647; x_wconf 86' lang='lat' dir='ltr'>ea</span> 
     </span>
     <span class='ocr_line' id='line_1_17' title="bbox 84 1667 1101 1756; baseline 0 -22"><span class='ocrx_word' id='word_1_111' title='bbox 84 1667 265 1756; x_wconf 88' lang='lat' dir='ltr'>quaestio),</span> <span class='ocrx_word' id='word_1_112' title='bbox 295 1668 353 1734; x_wconf 93' lang='lat' dir='ltr'>sed</span> <span class='ocrx_word' id='word_1_113' title='bbox 379 1668 477 1735; x_wconf 91' lang='lat' dir='ltr'>doceo</span> <span class='ocrx_word' id='word_1_114' title='bbox 501 1668 578 1734; x_wconf 90' lang='lat' dir='ltr'>deos</span> <span class='ocrx_word' id='word_1_115' title='bbox 601 1673 729 1735; x_wconf 82' lang='lat' dir='ltr'>vestros</span> <span class='ocrx_word' id='word_1_116' title='bbox 752 1691 823 1735; x_wconf 90' lang='lat' dir='ltr'>esse</span> <span class='ocrx_word' id='word_1_117' title='bbox 846 1670 1026 1754; x_wconf 89' lang='lat' dir='ltr'>voluptatis</span> <span class='ocrx_word' id='word_1_118' title='bbox 1050 1692 1101 1734; x_wconf 86' lang='lat' dir='ltr'>cx·</span> 
     </span>
     <span class='ocr_line' id='line_1_18' title="bbox 83 1726 1155 1853; baseline 0 -30"><span class='ocrx_word' id='word_1_119' title='bbox 83 1762 210 1844; x_wconf 84' lang='lat' dir='ltr'>partes,</span> <span class='ocrx_word' id='word_1_120' title='bbox 231 1759 281 1822; x_wconf 88' lang='lat' dir='ltr'>ita</span> <span class='ocrx_word' id='word_1_121' title='bbox 303 1760 413 1822; x_wconf 87' lang='lat' dir='ltr'>vestro</span> <span class='ocrx_word' id='word_1_122' title='bbox 436 1757 555 1823; x_wconf 89' lang='lat' dir='ltr'>iudicio</span> <span class='ocrx_word' id='word_1_123' title='bbox 576 1779 618 1822; x_wconf 87' lang='lat' dir='ltr'>ne</span> <span class='ocrx_word' id='word_1_124' title='bbox 641 1758 756 1823; x_wconf 89' lang='lat' dir='ltr'>beatos</span> <span class='ocrx_word' id='word_1_125' title='bbox 781 1757 919 1842; x_wconf 88' lang='lat' dir='ltr'>quidem.</span> <span class='ocrx_word' id='word_1_126' title='bbox 965 1757 1011 1822; x_wconf 85' lang='lat' dir='ltr'>At</span> <span class='ocrx_word' id='word_1_127' title='bbox 1034 1759 1088 1823; x_wconf 93' lang='lat' dir='ltr'>do·</span> <span class='ocrx_word' id='word_1_128' title='bbox 1103 1726 1155 1853; x_wconf 53' lang='lat' dir='ltr'>,ss</span> 
     </span>
     <span class='ocr_line' id='line_1_19' title="bbox 84 1843 1101 1914; baseline -0.001 -3"><span class='ocrx_word' id='word_1_129' title='bbox 84 1849 157 1914; x_wconf 90' lang='lat' dir='ltr'>lore</span> <span class='ocrx_word' id='word_1_130' title='bbox 180 1848 307 1912; x_wconf 88' lang='lat' dir='ltr'>vacant.</span> <span class='ocrx_word' id='word_1_131' title='bbox 343 1843 437 1910; x_wconf 81' lang='lat' dir='ltr'>Satin</span> <span class='ocrx_word' id='word_1_132' title='bbox 460 1850 510 1910; x_wconf 90' lang='lat' dir='ltr'>est</span> <span class='ocrx_word' id='word_1_133' title='bbox 532 1844 630 1910; x_wconf 85' lang='lat' dir='ltr'>idad</span> <span class='ocrx_word' id='word_1_134' title='bbox 652 1846 746 1912; x_wconf 88' lang='lat' dir='ltr'>illam</span> <span class='ocrx_word' id='word_1_135' title='bbox 767 1846 987 1912; x_wconf 87' lang='lat' dir='ltr'>abundantem</span> <span class='ocrx_word' id='word_1_136' title='bbox 1005 1846 1101 1912; x_wconf 88' lang='lat' dir='ltr'>bonis</span> 
     </span>
     <span class='ocr_line' id='line_1_20' title="bbox 44 1931 1102 2020; baseline 0.006 -26"><span class='ocrx_word' id='word_1_137' title='bbox 44 1935 191 2001; x_wconf 80' lang='lat' dir='ltr'>arvitam</span> <span class='ocrx_word' id='word_1_138' title='bbox 220 1933 468 1999; x_wconf 79' lang='lat' dir='ltr'>beatissimam?</span> <span class='ocrx_word' id='word_1_139' title='bbox 514 1931 661 2020; x_wconf 80' lang='lat' dir='ltr'>Cogitat,</span> <span class='ocrx_word' id='word_1_140' title='bbox 684 1935 848 2018; x_wconf 89' lang='lat' dir='ltr'>inquiunt,</span> <span class='ocrx_word' id='word_1_141' title='bbox 872 1934 1005 2000; x_wconf 89' lang='lat' dir='ltr'>adsidue</span> <span class='ocrx_word' id='word_1_142' title='bbox 1027 1935 1102 2000; x_wconf 88' lang='lat' dir='ltr'>bea·</span> 
     </span>
     <span class='ocr_line' id='line_1_21' title="bbox 84 2021 1102 2110; baseline 0 -21"><span class='ocrx_word' id='word_1_143' title='bbox 84 2028 158 2089; x_wconf 85' lang='lat' dir='ltr'>tum</span> <span class='ocrx_word' id='word_1_144' title='bbox 186 2043 257 2087; x_wconf 88' lang='lat' dir='ltr'>esse</span> <span class='ocrx_word' id='word_1_145' title='bbox 286 2042 333 2107; x_wconf 80' lang='lat' dir='ltr'>se3</span> <span class='ocrx_word' id='word_1_146' title='bbox 360 2021 461 2087; x_wconf 89' lang='lat' dir='ltr'>habet</span> <span class='ocrx_word' id='word_1_147' title='bbox 483 2022 570 2086; x_wconf 88' lang='lat' dir='ltr'>enim</span> <span class='ocrx_word' id='word_1_148' title='bbox 592 2022 676 2087; x_wconf 92' lang='lat' dir='ltr'>nihil</span> <span class='ocrx_word' id='word_1_149' title='bbox 700 2022 802 2107; x_wconf 90' lang='lat' dir='ltr'>aliud,</span> <span class='ocrx_word' id='word_1_150' title='bbox 830 2023 916 2107; x_wconf 92' lang='lat' dir='ltr'>quod</span> <span class='ocrx_word' id='word_1_151' title='bbox 940 2023 1044 2110; x_wconf 87' lang='lat' dir='ltr'>agitet</span> <span class='ocrx_word' id='word_1_152' title='bbox 1067 2024 1102 2089; x_wconf 91' lang='lat' dir='ltr'>in</span> 
     </span>
     <span class='ocr_line' id='line_1_22' title="bbox 84 2109 1101 2196; baseline 0.001 -21"><span class='ocrx_word' id='word_1_153' title='bbox 84 2114 204 2177; x_wconf 90' lang='lat' dir='ltr'>mente.</span> <span class='ocrx_word' id='word_1_154' title='bbox 250 2109 483 2194; x_wconf 80' lang='lat' dir='ltr'>Conprehende</span> <span class='ocrx_word' id='word_1_155' title='bbox 514 2110 617 2196; x_wconf 89' lang='lat' dir='ltr'>igitur</span> <span class='ocrx_word' id='word_1_156' title='bbox 650 2110 759 2176; x_wconf 92' lang='lat' dir='ltr'>animo</span> <span class='ocrx_word' id='word_1_157' title='bbox 792 2115 825 2176; x_wconf 88' lang='lat' dir='ltr'>et</span> <span class='ocrx_word' id='word_1_158' title='bbox 852 2133 998 2196; x_wconf 88' lang='lat' dir='ltr'>propone</span> <span class='ocrx_word' id='word_1_159' title='bbox 1025 2115 1101 2177; x_wconf 90' lang='lat' dir='ltr'>ante</span> 
     </span>
     <span class='ocr_line' id='line_1_23' title="bbox 85 2197 1102 2266; baseline -0.002 0"><span class='ocrx_word' id='word_1_160' title='bbox 85 2200 200 2266; x_wconf 91' lang='lat' dir='ltr'>oculos</span> <span class='ocrx_word' id='word_1_161' title='bbox 219 2198 314 2264; x_wconf 90' lang='lat' dir='ltr'>deum</span> <span class='ocrx_word' id='word_1_162' title='bbox 331 2198 415 2264; x_wconf 92' lang='lat' dir='ltr'>nihil</span> <span class='ocrx_word' id='word_1_163' title='bbox 434 2197 524 2263; x_wconf 91' lang='lat' dir='ltr'>aliud</span> <span class='ocrx_word' id='word_1_164' title='bbox 541 2199 576 2263; x_wconf 92' lang='lat' dir='ltr'>in</span> <span class='ocrx_word' id='word_1_165' title='bbox 595 2199 683 2264; x_wconf 92' lang='lat' dir='ltr'>omni</span> <span class='ocrx_word' id='word_1_166' title='bbox 702 2199 896 2264; x_wconf 85' lang='lat' dir='ltr'>aeternitate</span> <span class='ocrx_word' id='word_1_167' title='bbox 910 2200 974 2264; x_wconf 91' lang='lat' dir='ltr'>nisi</span> <span class='ocrx_word' id='word_1_168' title='bbox 989 2199 1102 2266; x_wconf 75' lang='lat' dir='ltr'>‘Mihi</span> 
     </span>
     <span class='ocr_line' id='line_1_24' title="bbox 84 2285 1100 2374; baseline 0.001 -22"><span class='ocrx_word' id='word_1_169' title='bbox 84 2286 249 2374; x_wconf 88' lang='lat' dir='ltr'>pulchre</span> <span class='ocrx_word' id='word_1_170' title='bbox 286 2286 361 2351; x_wconf 90' lang='lat' dir='ltr'>est&#39;</span> <span class='ocrx_word' id='word_1_171' title='bbox 395 2290 429 2351; x_wconf 91' lang='lat' dir='ltr'>et</span> <span class='ocrx_word' id='word_1_172' title='bbox 461 2285 558 2372; x_wconf 75' lang='lat' dir='ltr'>‘Ego</span> <span class='ocrx_word' id='word_1_173' title='bbox 591 2287 729 2352; x_wconf 89' lang='lat' dir='ltr'>beatus</span> <span class='ocrx_word' id='word_1_174' title='bbox 761 2287 858 2353; x_wconf 91' lang='lat' dir='ltr'>sum&#39;</span> <span class='ocrx_word' id='word_1_175' title='bbox 891 2289 1100 2373; x_wconf 82' lang='lat' dir='ltr'>cogitantem.</span> 
     </span>
     <span class='ocr_line' id='line_1_25' title="bbox 44 2374 1101 2460; baseline 0.005 -25"><span class='ocrx_word' id='word_1_176' title='bbox 44 2394 70 2435; x_wconf 82' lang='lat' dir='ltr'>as</span> <span class='ocrx_word' id='word_1_177' title='bbox 84 2375 156 2441; x_wconf 91' lang='lat' dir='ltr'>Nec</span> <span class='ocrx_word' id='word_1_178' title='bbox 185 2378 297 2440; x_wconf 87' lang='lat' dir='ltr'>tamen</span> <span class='ocrx_word' id='word_1_179' title='bbox 323 2374 430 2460; x_wconf 82' lang='lat' dir='ltr'>video,</span> <span class='ocrx_word' id='word_1_180' title='bbox 459 2396 523 2460; x_wconf 91' lang='lat' dir='ltr'>quo</span> <span class='ocrx_word' id='word_1_181' title='bbox 550 2375 647 2440; x_wconf 91' lang='lat' dir='ltr'>modo</span> <span class='ocrx_word' id='word_1_182' title='bbox 674 2397 742 2440; x_wconf 92' lang='lat' dir='ltr'>non</span> <span class='ocrx_word' id='word_1_183' title='bbox 764 2379 915 2442; x_wconf 83' lang='lat' dir='ltr'>vereatur</span> <span class='ocrx_word' id='word_1_184' title='bbox 937 2378 1000 2441; x_wconf 87' lang='lat' dir='ltr'>iste</span> <span class='ocrx_word' id='word_1_185' title='bbox 1023 2377 1101 2440; x_wconf 91' lang='lat' dir='ltr'>deus</span> 
     </span>
     <span class='ocr_line' id='line_1_26' title="bbox 83 2462 1102 2549; baseline -0.003 -19"><span class='ocrx_word' id='word_1_186' title='bbox 83 2465 218 2547; x_wconf 88' lang='lat' dir='ltr'>beatus,</span> <span class='ocrx_word' id='word_1_187' title='bbox 244 2484 285 2527; x_wconf 88' lang='lat' dir='ltr'>nc</span> <span class='ocrx_word' id='word_1_188' title='bbox 307 2462 461 2548; x_wconf 89' lang='lat' dir='ltr'>intereat,</span> <span class='ocrx_word' id='word_1_189' title='bbox 488 2484 561 2528; x_wconf 91' lang='lat' dir='ltr'>cum</span> <span class='ocrx_word' id='word_1_190' title='bbox 585 2463 654 2528; x_wconf 91' lang='lat' dir='ltr'>sine</span> <span class='ocrx_word' id='word_1_191' title='bbox 677 2464 746 2528; x_wconf 88' lang='lat' dir='ltr'>ulla</span> <span class='ocrx_word' id='word_1_192' title='bbox 768 2464 1008 2529; x_wconf 90' lang='lat' dir='ltr'>intermissione</span> <span class='ocrx_word' id='word_1_193' title='bbox 1031 2466 1102 2549; x_wconf 94' lang='lat' dir='ltr'>pul-</span> 
     </span>
     <span class='ocr_line' id='line_1_27' title="bbox 84 2551 1101 2637; baseline -0.002 -19"><span class='ocrx_word' id='word_1_194' title='bbox 84 2556 179 2618; x_wconf 88' lang='lat' dir='ltr'>setur</span> <span class='ocrx_word' id='word_1_195' title='bbox 216 2551 423 2637; x_wconf 88' lang='lat' dir='ltr'>agiteturque</span> <span class='ocrx_word' id='word_1_196' title='bbox 456 2555 640 2617; x_wconf 89' lang='lat' dir='ltr'>atomorum</span> <span class='ocrx_word' id='word_1_197' title='bbox 676 2552 860 2617; x_wconf 89' lang='lat' dir='ltr'>incursione</span> <span class='ocrx_word' id='word_1_198' title='bbox 893 2552 1101 2636; x_wconf 88' lang='lat' dir='ltr'>sempiterna,</span> 
     </span>
     <span class='ocr_line' id='line_1_28' title="bbox 84 2639 1102 2726; baseline -0.002 -19"><span class='ocrx_word' id='word_1_199' title='bbox 84 2660 225 2724; x_wconf 91' lang='lat' dir='ltr'>cumque</span> <span class='ocrx_word' id='word_1_200' title='bbox 257 2661 295 2704; x_wconf 86' lang='lat' dir='ltr'>ex</span> <span class='ocrx_word' id='word_1_201' title='bbox 326 2640 399 2725; x_wconf 90' lang='lat' dir='ltr'>ipso</span> <span class='ocrx_word' id='word_1_202' title='bbox 426 2639 586 2725; x_wconf 88' lang='lat' dir='ltr'>imagines</span> <span class='ocrx_word' id='word_1_203' title='bbox 613 2661 741 2726; x_wconf 88' lang='lat' dir='ltr'>semper</span> <span class='ocrx_word' id='word_1_204' title='bbox 769 2639 913 2706; x_wconf 87' lang='lat' dir='ltr'>affluant.</span> <span class='ocrx_word' id='word_1_205' title='bbox 963 2639 1016 2704; x_wconf 90' lang='lat' dir='ltr'>Ita</span> <span class='ocrx_word' id='word_1_206' title='bbox 1043 2662 1102 2705; x_wconf 90' lang='lat' dir='ltr'>nec</span> 
     </span>
     <span class='ocr_line' id='line_1_29' title="bbox 85 2726 774 2794; baseline -0.001 0"><span class='ocrx_word' id='word_1_207' title='bbox 85 2729 206 2794; x_wconf 88' lang='lat' dir='ltr'>beatus</span> <span class='ocrx_word' id='word_1_208' title='bbox 229 2730 280 2792; x_wconf 89' lang='lat' dir='ltr'>est</span> <span class='ocrx_word' id='word_1_209' title='bbox 301 2731 410 2793; x_wconf 82' lang='lat' dir='ltr'>vester</span> <span class='ocrx_word' id='word_1_210' title='bbox 433 2726 510 2793; x_wconf 91' lang='lat' dir='ltr'>deus</span> <span class='ocrx_word' id='word_1_211' title='bbox 533 2749 591 2793; x_wconf 90' lang='lat' dir='ltr'>nec</span> <span class='ocrx_word' id='word_1_212' title='bbox 615 2732 774 2793; x_wconf 87' lang='lat' dir='ltr'>aeternus.</span> 
     </span>
     <span class='ocr_line' id='line_1_30' title="bbox 45 2815 1154 2902; baseline 0.006 -27"><span class='ocrx_word' id='word_1_213' title='bbox 45 2834 71 2875; x_wconf 80' lang='lat' dir='ltr'>so</span> <span class='ocrx_word' id='word_1_214' title='bbox 154 2815 202 2880; x_wconf 85' lang='lat' dir='ltr'>At</span> <span class='ocrx_word' id='word_1_215' title='bbox 230 2815 332 2881; x_wconf 89' lang='lat' dir='ltr'>etiam</span> <span class='ocrx_word' id='word_1_216' title='bbox 355 2816 393 2881; x_wconf 87' lang='lat' dir='ltr'>de</span> <span class='ocrx_word' id='word_1_217' title='bbox 417 2816 604 2901; x_wconf 86' lang='lat' dir='ltr'>sanctitate,</span> <span class='ocrx_word' id='word_1_218' title='bbox 626 2816 665 2881; x_wconf 91' lang='lat' dir='ltr'>de</span> <span class='ocrx_word' id='word_1_219' title='bbox 687 2817 810 2902; x_wconf 88' lang='lat' dir='ltr'>pietate</span> <span class='ocrx_word' id='word_1_220' title='bbox 833 2816 987 2881; x_wconf 88' lang='lat' dir='ltr'>adversus</span> <span class='ocrx_word' id='word_1_221' title='bbox 1011 2817 1154 2882; x_wconf 77' lang='lat' dir='ltr'>deosne</span> 
     </span>
     <span class='ocr_line' id='line_1_31' title="bbox 84 2902 1101 2990; baseline 0.002 -21"><span class='ocrx_word' id='word_1_222' title='bbox 84 2904 191 2969; x_wconf 81' lang='lat' dir='ltr'>libros</span> <span class='ocrx_word' id='word_1_223' title='bbox 222 2903 354 2989; x_wconf 88' lang='lat' dir='ltr'>scripsit</span> <span class='ocrx_word' id='word_1_224' title='bbox 375 2903 545 2989; x_wconf 80' lang='lat' dir='ltr'>Epicurus.</span> <span class='ocrx_word' id='word_1_225' title='bbox 590 2902 637 2969; x_wconf 87' lang='lat' dir='ltr'>At</span> <span class='ocrx_word' id='word_1_226' title='bbox 660 2927 724 2988; x_wconf 93' lang='lat' dir='ltr'>quo</span> <span class='ocrx_word' id='word_1_227' title='bbox 748 2904 844 2970; x_wconf 90' lang='lat' dir='ltr'>modo</span> <span class='ocrx_word' id='word_1_228' title='bbox 867 2904 902 2968; x_wconf 95' lang='lat' dir='ltr'>in</span> <span class='ocrx_word' id='word_1_229' title='bbox 923 2904 975 2968; x_wconf 89' lang='lat' dir='ltr'>his</span> <span class='ocrx_word' id='word_1_230' title='bbox 999 2906 1101 2990; x_wconf 90' lang='lat' dir='ltr'>loqui-</span> 
     </span>
     <span class='ocr_line' id='line_1_32' title="bbox 84 2989 1102 3078; baseline 0.001 -20"><span class='ocrx_word' id='word_1_231' title='bbox 84 2993 165 3058; x_wconf 81' lang='lat' dir='ltr'>tur?</span> <span class='ocrx_word' id='word_1_232' title='bbox 206 2990 255 3058; x_wconf 90' lang='lat' dir='ltr'>Ut</span> <span class='ocrx_word' id='word_1_233' title='bbox 283 2993 330 3057; x_wconf 82' lang='lat' dir='ltr'>Ti.</span> <span class='ocrx_word' id='word_1_234' title='bbox 358 2989 596 3058; x_wconf 79' lang='lat' dir='ltr'>Coruncanium</span> <span class='ocrx_word' id='word_1_235' title='bbox 625 2997 682 3057; x_wconf 88' lang='lat' dir='ltr'>aut</span> <span class='ocrx_word' id='word_1_236' title='bbox 704 2992 739 3056; x_wconf 92' lang='lat' dir='ltr'>P.</span> <span class='ocrx_word' id='word_1_237' title='bbox 763 2990 967 3076; x_wconf 84' lang='lat' dir='ltr'>Scaevolam,</span> <span class='ocrx_word' id='word_1_238' title='bbox 995 2995 1102 3078; x_wconf 89' lang='lat' dir='ltr'>ponti-</span> 
     </span>
     <span class='ocr_line' id='line_1_33' title="bbox 85 3080 1102 3165; baseline 0.001 -19"><span class='ocrx_word' id='word_1_239' title='bbox 85 3082 164 3146; x_wconf 88' lang='lat' dir='ltr'>fices</span> <span class='ocrx_word' id='word_1_240' title='bbox 186 3080 360 3165; x_wconf 85' lang='lat' dir='ltr'>maximos,</span> <span class='ocrx_word' id='word_1_241' title='bbox 391 3084 424 3145; x_wconf 88' lang='lat' dir='ltr'>te</span> <span class='ocrx_word' id='word_1_242' title='bbox 448 3081 559 3146; x_wconf 89' lang='lat' dir='ltr'>audire</span> <span class='ocrx_word' id='word_1_243' title='bbox 582 3081 684 3165; x_wconf 85' lang='lat' dir='ltr'>dicas,</span> <span class='ocrx_word' id='word_1_244' title='bbox 712 3101 779 3145; x_wconf 92' lang='lat' dir='ltr'>non</span> <span class='ocrx_word' id='word_1_245' title='bbox 802 3102 888 3164; x_wconf 90' lang='lat' dir='ltr'>eum,</span> <span class='ocrx_word' id='word_1_246' title='bbox 916 3081 973 3165; x_wconf 90' lang='lat' dir='ltr'>qui</span> <span class='ocrx_word' id='word_1_247' title='bbox 996 3086 1102 3147; x_wconf 87' lang='lat' dir='ltr'>sustu-</span> 
     </span>
     <span class='ocr_line' id='line_1_34' title="bbox 85 3168 1101 3255; baseline 0.002 -21"><span class='ocrx_word' id='word_1_248' title='bbox 85 3169 165 3234; x_wconf 87' lang='lat' dir='ltr'>lerit</span> <span class='ocrx_word' id='word_1_249' title='bbox 179 3189 308 3234; x_wconf 91' lang='lat' dir='ltr'>omnem</span> <span class='ocrx_word' id='word_1_250' title='bbox 321 3168 468 3234; x_wconf 88' lang='lat' dir='ltr'>funditus</span> <span class='ocrx_word' id='word_1_251' title='bbox 481 3168 675 3254; x_wconf 89' lang='lat' dir='ltr'>religionem</span> <span class='ocrx_word' id='word_1_252' title='bbox 683 3191 743 3234; x_wconf 90' lang='lat' dir='ltr'>nec</span> <span class='ocrx_word' id='word_1_253' title='bbox 753 3169 912 3252; x_wconf 86' lang='lat' dir='ltr'>manibus,</span> <span class='ocrx_word' id='word_1_254' title='bbox 925 3173 963 3233; x_wconf 89' lang='lat' dir='ltr'>ut</span> <span class='ocrx_word' id='word_1_255' title='bbox 973 3169 1101 3255; x_wconf 89' lang='lat' dir='ltr'>Xerses,</span> 
     </span>
     <span class='ocr_line' id='line_1_35' title="bbox 48 3256 1101 3341; baseline 0.002 -19"><span class='ocrx_word' id='word_1_256' title='bbox 48 3273 73 3314; x_wconf 74' lang='lat'>³⁵</span> <span class='ocrx_word' id='word_1_257' title='bbox 87 3256 144 3322; x_wconf 91' lang='lat' dir='ltr'>sed</span> <span class='ocrx_word' id='word_1_258' title='bbox 176 3257 361 3322; x_wconf 86' lang='lat' dir='ltr'>rationibus</span> <span class='ocrx_word' id='word_1_259' title='bbox 391 3257 525 3322; x_wconf 92' lang='lat' dir='ltr'>deorum</span> <span class='ocrx_word' id='word_1_260' title='bbox 554 3257 779 3322; x_wconf 89' lang='lat' dir='ltr'>inmortalium</span> <span class='ocrx_word' id='word_1_261' title='bbox 808 3256 934 3341; x_wconf 86' lang='lat' dir='ltr'>templa</span> <span class='ocrx_word' id='word_1_262' title='bbox 964 3261 997 3323; x_wconf 93' lang='lat' dir='ltr'>et</span> <span class='ocrx_word' id='word_1_263' title='bbox 1027 3281 1101 3324; x_wconf 88' lang='lat' dir='ltr'>aras</span> 
     </span>
     <span class='ocr_line' id='line_1_36' title="bbox 86 3342 1101 3428; baseline 0.002 -18"><span class='ocrx_word' id='word_1_264' title='bbox 86 3344 251 3410; x_wconf 80' lang='lat' dir='ltr'>everterit.</span> <span class='ocrx_word' id='word_1_265' title='bbox 296 3342 381 3420; x_wconf 81' lang='lat' dir='ltr'>Quid</span> <span class='ocrx_word' id='word_1_266' title='bbox 404 3347 454 3409; x_wconf 90' lang='lat' dir='ltr'>est</span> <span class='ocrx_word' id='word_1_267' title='bbox 477 3344 572 3428; x_wconf 90' lang='lat' dir='ltr'>enim,</span> <span class='ocrx_word' id='word_1_268' title='bbox 595 3367 652 3410; x_wconf 87' lang='lat' dir='ltr'>our</span> <span class='ocrx_word' id='word_1_269' title='bbox 675 3345 752 3410; x_wconf 89' lang='lat' dir='ltr'>deos</span> <span class='ocrx_word' id='word_1_270' title='bbox 775 3345 817 3409; x_wconf 89' lang='lat' dir='ltr'>ab</span> <span class='ocrx_word' id='word_1_271' title='bbox 840 3345 1027 3410; x_wconf 91' lang='lat' dir='ltr'>hominibus</span> <span class='ocrx_word' id='word_1_272' title='bbox 1051 3368 1101 3412; x_wconf 88' lang='lat' dir='ltr'>co-</span> 
     </span>
    </p>
   </div>
   <div class='ocr_carea' id='block_1_3' title="bbox 86 3431 1102 3516">
    <p class='ocr_par' dir='ltr' id='par_1_3' title="bbox 86 3431 1102 3516">
     <span class='ocr_line' id='line_1_37' title="bbox 86 3431 1102 3516; baseline 0.001 -18"><span class='ocrx_word' id='word_1_273' title='bbox 86 3433 200 3499; x_wconf 86' lang='lat' dir='ltr'>lendos</span> <span class='ocrx_word' id='word_1_274' title='bbox 225 3431 322 3516; x_wconf 88' lang='lat' dir='ltr'>dicas,</span> <span class='ocrx_word' id='word_1_275' title='bbox 345 3454 418 3498; x_wconf 91' lang='lat' dir='ltr'>cum</span> <span class='ocrx_word' id='word_1_276' title='bbox 441 3432 492 3498; x_wconf 91' lang='lat' dir='ltr'>dei</span> <span class='ocrx_word' id='word_1_277' title='bbox 513 3454 581 3498; x_wconf 89' lang='lat' dir='ltr'>non</span> <span class='ocrx_word' id='word_1_278' title='bbox 603 3432 699 3500; x_wconf 90' lang='lat' dir='ltr'>modo</span> <span class='ocrx_word' id='word_1_279' title='bbox 722 3432 870 3498; x_wconf 89' lang='lat' dir='ltr'>homines</span> <span class='ocrx_word' id='word_1_280' title='bbox 893 3454 959 3498; x_wconf 93' lang='lat' dir='ltr'>non</span> <span class='ocrx_word' id='word_1_281' title='bbox 982 3435 1102 3514; x_wconf 83' lang='lat' dir='ltr'>colant,</span> 
     </span>
    </p>
   </div>
   <div class='ocr_carea' id='block_1_4' title="bbox 0 0 1300 3880">
    <p class='ocr_par' dir='ltr' id='par_1_4' title="bbox 0 0 1300 3880">
     <span class='ocr_line' id='line_1_38' title="bbox 0 0 1300 3880; baseline 0 2"><span class='ocrx_word' id='word_1_282' title='bbox 0 0 1300 3880; x_wconf 95' lang='lat' dir='ltr'> </span> 
     </span>
    </p>
   </div>
  </div>
 </body>
</html>
