2596 3882
133 173 201 229 LIB.
221 175 241 230 Ι.
261 173 337 229 ΟΑΡ.
356 181 399 242 46,
418 181 461 230 47.
480 181 495 242 ἓ
511 183 551 244 70,
572 183 614 244 71,
633 175 776 247 FRAGM„
795 177 862 234 LIB.
877 178 912 234 Π.
930 177 1014 236 ARG.
1034 179 1100 244 305

159 319 189 383 3.
217 319 299 383 Nou.
323 319 357 401 p.
382 321 456 385 526.
482 322 503 386 5
525 319 628 386 Cicero
656 323 692 386 de
718 343 750 386 rc
771 322 858 403 pubi.
885 323 935 387 lib.
962 322 1000 388 I:
1032 321 1101 389 Nec

91 409 222 472 tantum
245 405 416 492 Karthago
443 408 611 473 habuisset
639 430 738 494 opum
766 413 929 475 sescentos
956 409 1024 476 fere
1047 433 1101 476 an·

90 517 152 560 nos
176 495 244 560 sine
268 496 411 560 consiliis
436 500 469 560 et
492 497 671 581 disciplina.

158 585 189 648 4.
217 583 300 648 Nou.
323 607 357 667 p.
384 589 459 650 276.
486 589 507 650 5
535 587 584 651 M.
609 587 732 651 Tullius
760 587 797 651 de
824 607 858 652 re
883 589 967 670 publ.
990 587 1041 654 ub.
1063 588 1101 652 I:

64 670 295 757 sCognoscere
318 672 509 758 mehercule,
531 673 647 760 inquit,
669 675 933 740 consuetudinem
950 676 1049 740 istam
1068 680 1101 742 et

91 760 236 826 studium
259 761 426 826 sermonis.

158 848 188 914 5.
211 849 354 914 Lactuut.
375 851 448 916 iusi.
470 853 530 917 diu.
552 852 620 918 ΙΙΙ
637 857 686 917 16.
707 854 728 917 5
750 852 824 917 Nou
846 873 915 935 erpo
937 854 1101 918 utilitatem

91 958 129 1002 ca
154 936 363 1021 philosophia,
394 941 448 1005 sed
474 941 698 1005 oblectationem
719 946 842 1023 petuui,
874 943 1103 1024 quodquidam

93 1025 196 1092 Cicero
219 1031 345 1092 usurus
362 1031 422 1092 est:
444 1025 605 1112 Profecto,
627 1030 737 1111 iuquit,
760 1028 865 1093 omnis
883 1029 1022 1094 istorum
1040 1028 1103 1094 dis·

52 1134 79 1174 10
92 1114 231 1198 putatio,
254 1136 451 1200 quamquam
473 1116 655 1182 uberrimos
674 1117 782 1182 fontes
801 1117 932 1182 virtutis
951 1121 985 1182 et
1003 1117 1103 1182 scien·

92 1203 159 1267 tiae
186 1203 343 1288 continet,
370 1207 480 1269 tamen
503 1206 625 1270 collata
647 1227 721 1270 cum
744 1227 856 1271 corum
879 1206 959 1270 actis
981 1205 1103 1291 perfec·

92 1291 200 1376 tisquo
222 1292 319 1356 rebus
342 1314 456 1357 vercor
477 1315 518 1358 ne
540 1315 607 1358 non
629 1296 759 1358 tantum
781 1295 929 1359 videatur
952 1295 1103 1360 attulisse

91 1379 218 1465 negotii
240 1379 436 1464 hominibus,
459 1385 615 1466 quantam
638 1383 898 1449 oblectationem.

14 1485 15 1490 ’
161 1469 191 1534 6.
214 1469 394 1536 Arusianus
410 1471 547 1535 Messius
569 1472 692 1554 exempl.
711 1473 813 1537 elocut.
826 1493 859 1556 p.
874 1477 939 1538 216
961 1472 1101 1537 Liudem.

53 1575 79 1616 1⁵
94 1557 213 1622 Auocut
238 1557 277 1622 ub
302 1557 362 1623 illu
387 1577 422 1623 re
442 1557 504 1624 Cic.
531 1560 569 1623 de
593 1579 628 1624 re
647 1559 733 1642 publ.
761 1559 812 1625 uu.
834 1559 872 1624 I:
904 1559 936 1625 A
959 1582 1023 1646 qua
1044 1559 1100 1626 isti

93 1646 283 1711 avocabant.

490 1826 702 1834 ————-—-——-

340 2003 388 2075 u.
418 2003 579 2074 cunin
607 2001 853 2076 cronacum

235 2176 343 2275 DE
397 2179 504 2276 RE
558 2179 667 2278 PU
685 2180 726 2275 B
745 2179 786 2276 L
804 2179 831 2276 I
849 2178 886 2278 O
905 2179 955 2278 A

388 2374 525 2435 LIBER
553 2374 803 2436 SECUNDUS.

448 2657 745 2718 ARGUMENTUM.

161 2791 223 2848 Hoc
240 2792 312 2847 libro
322 2790 470 2846 Africanus
480 2789 595 2846 Catonis
608 2789 755 2845 confirmat
768 2789 943 2858 sententiam,
962 2791 1097 2847 Romano·

90 2880 153 2946 u
238 2861 1099 2990 c

90 2951 173 3072 iffi?
190 2933 313 3075 ξῖεῗὲῗέῗ
331 2933 672 3058 Ἑέυῄῗθοέἱεὲθοοξιῖἒὲιῖα.
710 3001 770 3066 Qua
788 2950 881 3058 menie
901 3005 1019 3070 enarrat,
1038 3004 1098 3074 qui-

91 3075 144 3130 bus
161 3074 214 3129 illa
232 3074 333 3129 civitas
351 3072 486 3144 auspiciis
504 3073 654 3128 altomulo
674 3073 789 3128 condita
806 3073 888 3128 sitsi
901 3074 1001 3144 quibus
1015 3075 1098 3130 bene·

90 3144 171 3212 ficiis,
189 3145 296 3200 artibus
314 3143 518 3215 praesidiisque
537 3144 572 3198 ab
591 3143 690 3199 ecdem
709 3143 865 3214 ceterisque
883 3145 997 3214 regibus
1015 3147 1099 3201 aucta

90 3217 121 3270 et
142 3215 253 3270 firmata
274 3219 346 3288 (cap.
371 3219 468 3283 1-22)
491 3214 648 3284 tyrannidis
670 3213 820 3284 impatiens
843 3216 958 3270 tandem
981 3233 1097 3273 excusso

90 3284 235 3355 Tarquinii
252 3284 320 3356 ingo
339 3302 368 3341 ss
386 3284 417 3340 in
430 3285 591 3341 libertatem
604 3282 791 3340 vindicaverit
804 3293 875 3357 (cap.
891 3291 1015 3356 28-27).
1038 3287 1098 3342 Iam

90 3356 219 3428 exposita
239 3355 397 3425 tyrannidis
419 3357 519 3412 natura
540 3359 613 3427 (cap.
632 3361 675 3422 28,
694 3360 739 3426 29)
764 3355 858 3427 Scipio
881 3372 938 3412 non
956 3356 1097 3426 minimae,

90 3427 202 3496 qualem
220 3426 301 3482 Plato
320 3427 492 3498 acgidatione
510 3427 633 3494 finxerit,
655 3425 706 3480 sed
723 3427 873 3494 maximae,
893 3444 965 3497 quac
982 3445 1012 3484 rc
1031 3445 1098 3484 vera

89 3497 187 3564 fucrit,
209 3496 397 3554 Romanorum
420 3497 544 3554 ciuitatis
567 3496 718 3566 imaginem
736 3497 927 3553 adumbrando
944 3515 1047 3555 novam
1067 3517 1096 3554 sc

143 3594 200 3639 010.
213 3595 255 3638 Π.
268 3598 287 3640 2.
848 3593 882 3642 20
