2578 3874
388 187 455 246 ΜΒ.
475 190 496 246 1.
517 189 593 246 CAP.
615 197 691 246 1—3.
711 197 726 258 s
745 196 823 246 e-s.
1045 193 1111 258 383

96 331 198 398 Potes
231 336 341 398 autem
366 337 405 399 tu
431 333 577 419 profecto
606 333 687 399 setis
713 333 820 400 faeere
846 335 881 400 in
909 357 960 420 es,
992 335 1113 421 quippe

99 441 199 506 quom
223 421 267 486 sit
290 443 380 507 opus,
403 424 442 487 ut
463 422 526 487 tibi
545 422 674 506 quidem
692 423 796 488 videri
814 423 908 506 solet,
931 446 1031 488 unum
1049 425 1112 490 hoe

98 509 280 574 oratorium
307 508 457 576 maxime.
502 510 607 586 Quam
635 511 677 576 ob
704 532 774 576 rem
799 511 989 598 adgredere,
1017 529 1147 597 quaes

3 647 4 650 η
98 619 221 682 sumus,
244 600 278 662 et
301 619 392 663 sume
416 598 457 662 sd
478 598 564 664 hano
586 620 656 663 rem
678 601 818 684 tempus,
840 622 922 684 quae
946 605 997 666 est
1019 623 1040 666 a
1056 622 1113 667 no·

69 685 178 751 nstris
201 685 389 752 hominibus
412 686 517 752 adhue
540 690 598 751 aut
619 687 774 772 ignorata
790 692 850 753 aut
866 689 990 754 relicta.
1025 687 1113 754 Nam

97 777 177 860 post
195 775 323 840 annalis
341 775 533 860 pontificum
552 775 778 859 maximorum,
802 776 919 860 quibus
938 777 1022 841 nihil
1040 780 1113 862 pot·

97 866 152 928 est
184 884 255 928 esse
285 863 438 947 ieiunius,
470 864 500 928 si
536 867 594 928 sut
625 862 666 928 ad
693 862 832 929 Fabium
865 869 923 930 aut
954 865 996 930 ad
1029 887 1113 951 eum,

99 951 158 1103 quq‘
179 951 262 1104 fidis*
264 973 393 1053 semper
414 952 531 1104 intord
545 956 611 1104 pyst,
634 949 801 1053 Catonem,
825 956 882 1054 qut
901 952 942 1018 ad
959 952 1114 1019 Pisonem

56 1063 142 1193 1033
162 1061 215 1192 ds
237 1061 510 1212 ,tilithi
531 1062 1115 1214 hsttl⁰ffiimff⁶llhtqlffiqlli

99 1215 185 1282 exile
208 1237 306 1301 quam
329 1216 387 1281 isti
410 1217 544 1282 omnes?
578 1215 696 1281 Fannii
718 1221 828 1282 autem
846 1219 948 1283 aetati
966 1219 1114 1284 eoniuno-

98 1309 155 1369 tus
182 1303 359 1390 Antipater
389 1305 488 1389 paulo
519 1305 648 1370 inflavit
678 1305 902 1371 vehementius
934 1307 1113 1391 habuitque

98 1393 187 1458 vires
214 1393 355 1479 agrestis
382 1392 439 1458 ille
467 1394 597 1478 quidem
620 1397 717 1477 atque
740 1393 891 1458 horridas
914 1395 983 1459 sine
1005 1395 1113 1460 nitore

99 1504 139 1548 so
161 1481 335 1567 palaestra,
359 1481 416 1547 sed
438 1484 550 1546 tamen
573 1482 745 1546 admonere
768 1483 912 1567 reliquos
935 1483 1053 1568 potuit,
1075 1485 1114 1548 ut

57 1589 85 1628 1⁵
100 1569 287 1635 adcuratius
325 1569 513 1636 seriberent.
562 1569 645 1634 Elone
682 1573 792 1634 autem
825 1581 1007 1636 successere
1038 1571 1114 1636 huie

98 1658 213 1742 †belli
235 1656 383 1742 Clodius,
405 1657 546 1742 Asellio,
567 1658 651 1722 nihil
675 1657 716 1723 ad
739 1656 902 1743 Coelium,
926 1659 983 1724 sed
1002 1659 1113 1744 potius

99 1747 142 1812 ad
175 1746 383 1830 antiquorum
415 1747 607 1832 languorem
637 1749 670 1810 et
697 1747 871 1812 inscitiam.
921 1745 1008 1813 Nam
1036 1748 1148 1832 quids

98 1836 247 1900 Moerum
269 1834 459 1900 numerem?
483 1834 574 1900 euius
597 1834 780 1919 loquecitas
802 1835 904 1900 habet
922 1835 1046 1920 aliquid
1065 1858 1114 1901 ar-

100 1923 281 2010 gutiarum,
309 1944 369 1988 nee
398 1922 433 1987 id
461 1926 572 1988 tamen
603 1945 642 1988 ex
670 1923 731 1989 ille
761 1924 888 1988 erudite
916 1923 1128 1989 Graecorum

57 2031 85 2071 20
100 2011 204 2098 eopia,
227 2011 284 2077 sed
307 2033 346 2075 ex
368 2009 548 2076 librariolis
565 2011 702 2095 Latinis,
724 2011 759 2077 in
782 2012 985 2077 orationibus
1004 2015 1114 2078 autem

99 2101 216 2183 multa,
240 2100 296 2164 sed
318 2099 430 2184 inepta
453 2099 563 2184 eletio,
586 2121 714 2164 summe
736 2100 935 2185 inpudentia
968 2098 1114 2183 Sisenna,
1189 2141 1192 2147 -

100 2189 171 2254 eius
194 2187 326 2273 amicus,
340 2209 461 2253 omnes
486 2188 591 2253 adhue
612 2192 744 2253 nostros
767 2189 953 2274 scriptores,
967 2189 1040 2253 'nisi
1058 2189 1114 2272 qui

2 2332 5 2349 .
98 2276 187 2343 forte
217 2277 362 2342 nondum
394 2276 577 2358 ediderunt,
608 2277 647 2340 de
680 2277 797 2361 quibus
830 2277 1016 2342 existimare
1047 2298 1115 2341 non

99 2385 284 2452 possumne,
306 2365 403 2429 facile
427 2366 601 2450 superavit.
638 2362 672 2428 ls
695 2369 806 2429 tamen
826 2387 930 2449 neque
950 2368 1061 2430 orator
1079 2364 1114 2428 in

58 2471 87 2512 ²⁵
100 2475 237 2520 numero
268 2458 378 2518 vestro
410 2474 565 2536 umquam
597 2457 648 2518 est
678 2452 812 2518 habitus
845 2457 879 2517 et
909 2453 944 2518 in
975 2452 1114 2517 historia

101 2542 227 2628 puerile
250 2541 403 2626 quiddam
426 2545 641 2625 consectatur,
663 2543 701 2606 ut
721 2563 822 2605 unum
840 2539 1043 2605 Clitarchum
1060 2563 1114 2605 ne·

102 2652 166 2716 que
188 2633 359 2715 praeterea
380 2650 578 2714 quemquam
600 2629 639 2693 de
662 2627 795 2694 Graecis
818 2629 938 2715 legisse
956 2629 1113 2713 videatur,

101 2741 177 2784 eum
204 2723 316 2784 temen
342 2718 427 2784 velle
451 2718 620 2783 dumtaxat
642 2717 780 2802 imitari3
807 2739 904 2802 quem
928 2717 957 2781 si
979 2717 1114 2800 adsequi

100 2810 223 2893 posset,
246 2807 451 2891 aliquantum
474 2807 516 2871 ab
540 2810 675 2890 optumo
698 2810 809 2870 tamen
832 2807 971 2870 abesset.
1007 2803 1114 2880 Quare

59 2913 87 2954 so
101 2900 195 2959 tuum
213 2899 399 2960 estmunus
417 2895 489 2979 hoo,
512 2917 532 2959 a
550 2899 583 2959 te
603 2896 801 2978 expectatur,
818 2894 883 2958 nisi
901 2893 978 2978 quid
992 2892 1113 2968 Quinto

99 2983 229 3048 videtur
252 3005 352 3049 seeus.

169 3073 203 3153 Q.
226 3071 309 3136 Mihi
330 3092 408 3137 vero
430 3071 527 3155 nihil,
550 3075 583 3136 et
607 3092 704 3156 saepe
727 3071 766 3136 de
788 3071 853 3136 isto
877 3070 1040 3136 conlocuti
1063 3040 1153 3166 sn}

101 3182 184 3225 mus,
234 3157 296 3224 Sed
330 3163 380 3224 e'st
412 3159 571 3244 quaedam
603 3160 688 3223 inter
719 3181 779 3225 nos
811 3181 915 3244 parva
946 3158 1113 3224 dissensio.

101 3255 176 3315 Arr.
195 3247 284 3323 Quae
306 3247 460 3313 tandem?
492 3248 526 3328 Q.
545 3248 576 3312 Α
596 3248 713 3331 quibus
731 3248 934 3332 temporibus
953 3247 1114 3313 scribendi

60 3353 87 3394 ³⁵
102 3337 212 3421 capiat
235 3337 410 3402 exordium.
446 3336 520 3422 Ego
544 3337 630 3401 enim
653 3337 695 3400 ab
717 3337 844 3401 ultimis
868 3357 991 3420 oenseo,
1015 3358 1115 3420 qnon-

101 3427 168 3490 iam
204 3425 265 3490 ills
299 3425 346 3489 sio
380 3424 503 3509 scripte
537 3427 627 3508 sunt,
662 3427 701 3489 ut
726 3446 768 3489 ne
795 3425 947 3511 legantur
975 3425 1114 3509 quidem,

101 3514 173 3598 ipse
197 3517 306 3578 autem
331 3514 499 3597 aequalem
518 3513 635 3577 aetatis
656 3535 732 3578 suae
751 3513 941 3578 memoriam
960 3513 1114 3598 deposcit,
