<?xml version="1.0" encoding="UTF-8"?>
<!DOCTYPE html PUBLIC "-//W3C//DTD XHTML 1.0 Transitional//EN"
    "http://www.w3.org/TR/xhtml1/DTD/xhtml1-transitional.dtd">
<html xmlns="http://www.w3.org/1999/xhtml" xml:lang="en" lang="en">
 <head>
  <title>
</title>
<meta http-equiv="Content-Type" content="text/html;charset=utf-8" />
  <meta name='ocr-system' content='tesseract 3.04.00' />
  <meta name='ocr-capabilities' content='ocr_page ocr_carea ocr_par ocr_line ocrx_word'/>
</head>
<body>
  <div class='ocr_page' id='page_1' title='image "./scriptaquaemans02mullgoog_0081.png"; bbox 0 0 2590 3880; ppageno 0'>
   <div class='ocr_carea' id='block_1_1' title="bbox 176 101 881 168">
    <p class='ocr_par' dir='ltr' id='par_1_1' title="bbox 176 101 881 168">
     <span class='ocr_line' id='line_1_1' title="bbox 176 101 881 168; baseline 0.003 -12"><span class='ocrx_word' id='word_1_1' title='bbox 176 103 221 168; x_wconf 81' lang='lat'><strong>24</strong></span> <span class='ocrx_word' id='word_1_2' title='bbox 487 101 537 157; x_wconf 83' lang='lat' dir='ltr'><strong>DE</strong></span> <span class='ocrx_word' id='word_1_3' title='bbox 554 102 708 158; x_wconf 77' lang='lat' dir='ltr'><strong>NATURA</strong></span> <span class='ocrx_word' id='word_1_4' title='bbox 726 102 881 159; x_wconf 78' lang='lat' dir='ltr'>DEORUM</span> 
     </span>
    </p>
   </div>
   <div class='ocr_carea' id='block_1_2' title="bbox 121 245 1281 3509">
    <p class='ocr_par' dir='ltr' id='par_1_2' title="bbox 175 245 1188 511">
     <span class='ocr_line' id='line_1_2' title="bbox 177 245 1188 336; baseline 0.004 -24"><span class='ocrx_word' id='word_1_5' title='bbox 177 245 257 334; x_wconf 87' lang='lat' dir='ltr'><strong>(non</strong></span> <span class='ocrx_word' id='word_1_6' title='bbox 280 247 366 313; x_wconf 88' lang='lat' dir='ltr'><strong>enim</strong></span> <span class='ocrx_word' id='word_1_7' title='bbox 388 250 488 332; x_wconf 69' lang='lat' dir='ltr'><strong>poeta</strong></span> <span class='ocrx_word' id='word_1_8' title='bbox 505 248 612 314; x_wconf 90' lang='lat' dir='ltr'><strong>solum</strong></span> <span class='ocrx_word' id='word_1_9' title='bbox 631 249 749 333; x_wconf 84' lang='lat' dir='ltr'><strong>suavis,</strong></span> <span class='ocrx_word' id='word_1_10' title='bbox 771 271 885 314; x_wconf 90' lang='lat' dir='ltr'><strong>verum</strong></span> <span class='ocrx_word' id='word_1_11' title='bbox 903 249 1004 316; x_wconf 86' lang='lat' dir='ltr'><strong>etism</strong></span> <span class='ocrx_word' id='word_1_12' title='bbox 1022 251 1188 336; x_wconf 77' lang='lat' dir='ltr'>ceteroqui</span> 
     </span>
     <span class='ocr_line' id='line_1_3' title="bbox 175 335 1185 422; baseline 0.004 -21"><span class='ocrx_word' id='word_1_13' title='bbox 175 337 290 402; x_wconf 83' lang='lat' dir='ltr'><strong>doetus</strong></span> <span class='ocrx_word' id='word_1_14' title='bbox 317 336 511 421; x_wconf 89' lang='lat' dir='ltr'><strong>sapiensque</strong></span> <span class='ocrx_word' id='word_1_15' title='bbox 539 335 709 422; x_wconf 73' lang='lat' dir='ltr'><strong>traditur),</strong></span> <span class='ocrx_word' id='word_1_16' title='bbox 741 338 818 422; x_wconf 90' lang='lat' dir='ltr'><strong>quia</strong></span> <span class='ocrx_word' id='word_1_17' title='bbox 846 339 952 403; x_wconf 86' lang='lat' dir='ltr'><strong>multa</strong></span> <span class='ocrx_word' id='word_1_18' title='bbox 978 339 1127 404; x_wconf 88' lang='lat' dir='ltr'><strong>venirent</strong></span> <span class='ocrx_word' id='word_1_19' title='bbox 1152 342 1185 404; x_wconf 93' lang='lat' dir='ltr'><strong>in</strong></span> 
     </span>
     <span class='ocr_line' id='line_1_4' title="bbox 176 425 1185 511; baseline 0.003 -21"><span class='ocrx_word' id='word_1_20' title='bbox 176 427 318 490; x_wconf 89' lang='lat' dir='ltr'><strong>mentem</strong></span> <span class='ocrx_word' id='word_1_21' title='bbox 341 428 443 490; x_wconf 85' lang='grc'><strong>111111·</strong></span> <span class='ocrx_word' id='word_1_22' title='bbox 458 427 556 509; x_wconf 88' lang='lat' dir='ltr'><strong>atque</strong></span> <span class='ocrx_word' id='word_1_23' title='bbox 575 425 719 509; x_wconf 85' lang='lat' dir='ltr'><strong>subtilia,</strong></span> <span class='ocrx_word' id='word_1_24' title='bbox 743 425 956 510; x_wconf 72' lang='lat' dir='ltr'><strong>dubitantem,</strong></span> <span class='ocrx_word' id='word_1_25' title='bbox 979 426 1057 511; x_wconf 92' lang='lat' dir='ltr'><strong>quid</strong></span> <span class='ocrx_word' id='word_1_26' title='bbox 1075 447 1185 493; x_wconf 82' lang='lat' dir='ltr'><strong>eorum</strong></span> 
     </span>
    </p>

    <p class='ocr_par' dir='ltr' id='par_1_3' title="bbox 121 512 1226 863">
     <span class='ocr_line' id='line_1_5' title="bbox 121 512 1185 598; baseline 0.001 -22"><span class='ocrx_word' id='word_1_27' title='bbox 121 516 262 580; x_wconf 79' lang='lat' dir='ltr'><strong>orasset</strong></span> <span class='ocrx_word' id='word_1_28' title='bbox 285 512 501 598; x_wconf 84' lang='lat' dir='ltr'><strong>verissimum,</strong></span> <span class='ocrx_word' id='word_1_29' title='bbox 524 512 713 598; x_wconf 79' lang='lat' dir='ltr'><strong>desperasse</strong></span> <span class='ocrx_word' id='word_1_30' title='bbox 736 535 865 580; x_wconf 90' lang='lat' dir='ltr'><strong>omnem</strong></span> <span class='ocrx_word' id='word_1_31' title='bbox 887 516 1069 580; x_wconf 79' lang='lat' dir='ltr'><strong>veritatem.</strong></span> <span class='ocrx_word' id='word_1_32' title='bbox 1111 513 1185 598; x_wconf 80' lang='lat' dir='ltr'><strong>Epi·</strong></span> 
     </span>
     <span class='ocr_line' id='line_1_6' title="bbox 176 599 1226 688; baseline 0 -22"><span class='ocrx_word' id='word_1_33' title='bbox 176 623 271 666; x_wconf 84' lang='lat' dir='ltr'><strong>eurus</strong></span> <span class='ocrx_word' id='word_1_34' title='bbox 298 623 375 667; x_wconf 81' lang='lat' dir='ltr'><strong>vero</strong></span> <span class='ocrx_word' id='word_1_35' title='bbox 403 605 479 666; x_wconf 92' lang='lat' dir='ltr'><strong>tuus</strong></span> <span class='ocrx_word' id='word_1_36' title='bbox 507 599 598 687; x_wconf 88' lang='lat' dir='ltr'><strong>(nam</strong></span> <span class='ocrx_word' id='word_1_37' title='bbox 621 624 695 668; x_wconf 90' lang='lat' dir='ltr'><strong>oum</strong></span> <span class='ocrx_word' id='word_1_38' title='bbox 716 601 775 666; x_wconf 91' lang='lat' dir='ltr'><strong>illo</strong></span> <span class='ocrx_word' id='word_1_39' title='bbox 799 602 886 668; x_wconf 90' lang='lat' dir='ltr'><strong>malo</strong></span> <span class='ocrx_word' id='word_1_40' title='bbox 910 602 1066 668; x_wconf 86' lang='lat' dir='ltr'><strong>disserere</strong></span> <span class='ocrx_word' id='word_1_41' title='bbox 1089 623 1185 688; x_wconf 84' lang='lat' dir='ltr'><strong>quarn</strong></span> <span class='ocrx_word' id='word_1_42' title='bbox 1211 618 1226 660; x_wconf 80' lang='lat'>⁵</span> 
     </span>
     <span class='ocr_line' id='line_1_7' title="bbox 174 686 1186 780; baseline -0.002 -24"><span class='ocrx_word' id='word_1_43' title='bbox 174 686 297 776; x_wconf 80' lang='lat' dir='ltr'><strong>tecum)</strong></span> <span class='ocrx_word' id='word_1_44' title='bbox 320 689 398 773; x_wconf 88' lang='lat' dir='ltr'><strong>quid</strong></span> <span class='ocrx_word' id='word_1_45' title='bbox 416 689 503 773; x_wconf 86' lang='lat' dir='ltr'><strong>dicit,</strong></span> <span class='ocrx_word' id='word_1_46' title='bbox 526 689 613 775; x_wconf 91' lang='lat' dir='ltr'><strong>quod</strong></span> <span class='ocrx_word' id='word_1_47' title='bbox 629 711 696 754; x_wconf 94' lang='lat' dir='ltr'><strong>non</strong></span> <span class='ocrx_word' id='word_1_48' title='bbox 714 689 809 780; x_wconf 90' lang='lat' dir='ltr'><strong>modo</strong></span> <span class='ocrx_word' id='word_1_49' title='bbox 828 690 1039 777; x_wconf 84' lang='lat' dir='ltr'><strong>philosophia</strong></span> <span class='ocrx_word' id='word_1_50' title='bbox 1053 692 1186 776; x_wconf 79' lang='lat' dir='ltr'><strong>dignum</strong></span> 
     </span>
     <span class='ocr_line' id='line_1_8' title="bbox 176 777 744 863; baseline -0.002 -20"><span class='ocrx_word' id='word_1_51' title='bbox 176 782 272 860; x_wconf 89' lang='lat' dir='ltr'><strong>esset,</strong></span> <span class='ocrx_word' id='word_1_52' title='bbox 296 777 353 843; x_wconf 87' lang='lat' dir='ltr'><strong>sed</strong></span> <span class='ocrx_word' id='word_1_53' title='bbox 374 777 529 843; x_wconf 82' lang='lat' dir='ltr'><strong>mediocri</strong></span> <span class='ocrx_word' id='word_1_54' title='bbox 550 778 744 863; x_wconf 80' lang='lat' dir='ltr'><strong>prudentia?</strong></span> 
     </span>
    </p>

    <p class='ocr_par' dir='ltr' id='par_1_4' title="bbox 175 864 1279 1656">
     <span class='ocr_line' id='line_1_9' title="bbox 243 864 1187 952; baseline -0.002 -21"><span class='ocrx_word' id='word_1_55' title='bbox 243 864 416 941; x_wconf 77' lang='lat' dir='ltr'><strong>Quaeritur</strong></span> <span class='ocrx_word' id='word_1_56' title='bbox 442 865 585 950; x_wconf 91' lang='lat' dir='ltr'><strong>primum</strong></span> <span class='ocrx_word' id='word_1_57' title='bbox 611 866 646 930; x_wconf 91' lang='lat' dir='ltr'><strong>in</strong></span> <span class='ocrx_word' id='word_1_58' title='bbox 673 889 711 931; x_wconf 93' lang='grc'><strong>11</strong></span> <span class='ocrx_word' id='word_1_59' title='bbox 739 866 942 952; x_wconf 79' lang='lat' dir='ltr'><strong>quaestione,</strong></span> <span class='ocrx_word' id='word_1_60' title='bbox 970 868 1124 952; x_wconf 86' lang='lat' dir='ltr'><strong>quaeest</strong></span> <span class='ocrx_word' id='word_1_61' title='bbox 1147 865 1187 930; x_wconf 90' lang='lat' dir='ltr'><strong>de</strong></span> 
     </span>
     <span class='ocr_line' id='line_1_10' title="bbox 175 953 1188 1037; baseline -0.003 -17"><span class='ocrx_word' id='word_1_62' title='bbox 175 959 295 1020; x_wconf 91' lang='lat' dir='ltr'><strong>natura</strong></span> <span class='ocrx_word' id='word_1_63' title='bbox 318 953 460 1037; x_wconf 90' lang='lat' dir='ltr'><strong>deorum,</strong></span> <span class='ocrx_word' id='word_1_64' title='bbox 484 955 590 1018; x_wconf 88' lang='lat' dir='ltr'><strong>sintne</strong></span> <span class='ocrx_word' id='word_1_65' title='bbox 613 953 647 1017; x_wconf 95' lang='lat' dir='ltr'><strong>di</strong></span> <span class='ocrx_word' id='word_1_66' title='bbox 668 976 768 1020; x_wconf 84' lang='lat' dir='ltr'><strong>neone</strong></span> <span class='ocrx_word' id='word_1_67' title='bbox 791 954 866 1019; x_wconf 89' lang='lat' dir='ltr'><strong>sint.</strong></span> <span class='ocrx_word' id='word_1_68' title='bbox 902 953 1042 1020; x_wconf 82' lang='lat' dir='ltr'><strong>Difficile</strong></span> <span class='ocrx_word' id='word_1_69' title='bbox 1065 957 1117 1018; x_wconf 87' lang='lat' dir='ltr'><strong>est</strong></span> <span class='ocrx_word' id='word_1_70' title='bbox 1133 975 1188 1018; x_wconf 88' lang='lat' dir='ltr'><strong>ne·</strong></span> 
     </span>
     <span class='ocr_line' id='line_1_11' title="bbox 177 1040 1227 1128; baseline -0.006 -20"><span class='ocrx_word' id='word_1_71' title='bbox 177 1063 263 1128; x_wconf 87' lang='lat' dir='ltr'><strong>gare.</strong></span> <span class='ocrx_word' id='word_1_72' title='bbox 309 1040 427 1125; x_wconf 79' lang='lat' dir='ltr'><strong>Credo,</strong></span> <span class='ocrx_word' id='word_1_73' title='bbox 455 1041 483 1106; x_wconf 88' lang='lat' dir='ltr'><strong>si</strong></span> <span class='ocrx_word' id='word_1_74' title='bbox 509 1041 545 1105; x_wconf 92' lang='lat' dir='ltr'><strong>in</strong></span> <span class='ocrx_word' id='word_1_75' title='bbox 567 1041 717 1107; x_wconf 86' lang='lat' dir='ltr'><strong>contione</strong></span> <span class='ocrx_word' id='word_1_76' title='bbox 741 1045 928 1128; x_wconf 88' lang='lat' dir='ltr'><strong>quaeratur,</strong></span> <span class='ocrx_word' id='word_1_77' title='bbox 955 1044 1012 1109; x_wconf 88' lang='lat' dir='ltr'><strong>sed</strong></span> <span class='ocrx_word' id='word_1_78' title='bbox 1031 1042 1066 1108; x_wconf 89' lang='lat' dir='ltr'><strong>in</strong></span> <span class='ocrx_word' id='word_1_79' title='bbox 1088 1042 1185 1107; x_wconf 92' lang='lat' dir='ltr'><strong>huius</strong></span> <span class='ocrx_word' id='word_1_80' title='bbox 1202 1063 1227 1102; x_wconf 85' lang='lat' dir='ltr'><strong>ro</strong></span> 
     </span>
     <span class='ocr_line' id='line_1_12' title="bbox 176 1130 1187 1218; baseline 0.002 -24"><span class='ocrx_word' id='word_1_81' title='bbox 176 1131 265 1196; x_wconf 91' lang='lat' dir='ltr'><strong>modi</strong></span> <span class='ocrx_word' id='word_1_82' title='bbox 298 1150 446 1195; x_wconf 87' lang='lat' dir='ltr'><strong>sermone</strong></span> <span class='ocrx_word' id='word_1_83' title='bbox 478 1132 512 1194; x_wconf 93' lang='lat' dir='ltr'><strong>et</strong></span> <span class='ocrx_word' id='word_1_84' title='bbox 544 1151 696 1195; x_wconf 83' lang='lat' dir='ltr'><strong>consessu</strong></span> <span class='ocrx_word' id='word_1_85' title='bbox 728 1130 930 1196; x_wconf 85' lang='lat' dir='ltr'><strong>facillimum.</strong></span> <span class='ocrx_word' id='word_1_86' title='bbox 981 1130 1096 1215; x_wconf 87' lang='lat' dir='ltr'><strong>Itaque</strong></span> <span class='ocrx_word' id='word_1_87' title='bbox 1124 1152 1187 1218; x_wconf 82' lang='lat' dir='ltr'><strong>ego</strong></span> 
     </span>
     <span class='ocr_line' id='line_1_13' title="bbox 175 1216 1187 1305; baseline 0.002 -23"><span class='ocrx_word' id='word_1_88' title='bbox 175 1219 246 1303; x_wconf 89' lang='lat' dir='ltr'><strong>ipse</strong></span> <span class='ocrx_word' id='word_1_89' title='bbox 272 1218 435 1302; x_wconf 87' lang='lat' dir='ltr'><strong>pontifex,</strong></span> <span class='ocrx_word' id='word_1_90' title='bbox 461 1216 517 1302; x_wconf 91' lang='lat' dir='ltr'><strong>qui</strong></span> <span class='ocrx_word' id='word_1_91' title='bbox 540 1218 754 1284; x_wconf 80' lang='lat' dir='ltr'><strong>caerimonias</strong></span> <span class='ocrx_word' id='word_1_92' title='bbox 776 1219 1014 1305; x_wconf 81' lang='lat' dir='ltr'><strong>religionesque</strong></span> <span class='ocrx_word' id='word_1_93' title='bbox 1036 1218 1187 1304; x_wconf 83' lang='lat' dir='ltr'><strong>publicas</strong></span> 
     </span>
     <span class='ocr_line' id='line_1_14' title="bbox 176 1299 1188 1392; baseline 0 -20"><span class='ocrx_word' id='word_1_94' title='bbox 176 1307 381 1372; x_wconf 80' lang='lat' dir='ltr'><strong>sanctissime</strong></span> <span class='ocrx_word' id='word_1_95' title='bbox 412 1306 550 1371; x_wconf 87' lang='lat' dir='ltr'><strong>tuendas</strong></span> <span class='ocrx_word' id='word_1_96' title='bbox 583 1307 738 1391; x_wconf 90' lang='lat' dir='ltr'><strong>arbitror,</strong></span> <span class='ocrx_word' id='word_1_97' title='bbox 769 1307 798 1372; x_wconf 93' lang='lat' dir='ltr'><strong>is</strong></span> <span class='ocrx_word' id='word_1_98' title='bbox 825 1307 901 1392; x_wconf 88' lang='lat' dir='ltr'><strong>hoe,</strong></span> <span class='ocrx_word' id='word_1_99' title='bbox 933 1307 1018 1392; x_wconf 92' lang='lat' dir='ltr'><strong>quod</strong></span> <span class='ocrx_word' id='word_1_100' title='bbox 1043 1299 1188 1392; x_wconf 79' lang='lat' dir='ltr'><strong>primum</strong></span> 
     </span>
     <span class='ocr_line' id='line_1_15' title="bbox 176 1394 1188 1481; baseline 0 -21"><span class='ocrx_word' id='word_1_101' title='bbox 176 1398 235 1478; x_wconf 90' lang='lat' dir='ltr'><strong>est,</strong></span> <span class='ocrx_word' id='word_1_102' title='bbox 264 1417 334 1460; x_wconf 88' lang='lat' dir='ltr'><strong>esse</strong></span> <span class='ocrx_word' id='word_1_103' title='bbox 364 1395 454 1479; x_wconf 89' lang='lat' dir='ltr'><strong>deos,</strong></span> <span class='ocrx_word' id='word_1_104' title='bbox 480 1394 670 1479; x_wconf 79' lang='lat' dir='ltr'><strong>persuaderi</strong></span> <span class='ocrx_word' id='word_1_105' title='bbox 696 1395 778 1459; x_wconf 89' lang='lat' dir='ltr'><strong>mihi</strong></span> <span class='ocrx_word' id='word_1_106' title='bbox 803 1417 870 1460; x_wconf 93' lang='lat' dir='ltr'><strong>non</strong></span> <span class='ocrx_word' id='word_1_107' title='bbox 897 1395 1047 1481; x_wconf 87' lang='lat' dir='ltr'><strong>opinione</strong></span> <span class='ocrx_word' id='word_1_108' title='bbox 1070 1395 1188 1478; x_wconf 88' lang='lat' dir='ltr'><strong>solum,</strong></span> 
     </span>
     <span class='ocr_line' id='line_1_16' title="bbox 176 1482 1279 1596; baseline -0.005 -48"><span class='ocrx_word' id='word_1_109' title='bbox 176 1483 234 1548; x_wconf 89' lang='lat' dir='ltr'><strong>sed</strong></span> <span class='ocrx_word' id='word_1_110' title='bbox 270 1483 370 1548; x_wconf 92' lang='lat' dir='ltr'><strong>etiam</strong></span> <span class='ocrx_word' id='word_1_111' title='bbox 401 1482 443 1548; x_wconf 87' lang='lat' dir='ltr'><strong>ad</strong></span> <span class='ocrx_word' id='word_1_112' title='bbox 474 1483 646 1548; x_wconf 86' lang='lat' dir='ltr'><strong>veritatem</strong></span> <span class='ocrx_word' id='word_1_113' title='bbox 677 1484 775 1568; x_wconf 87' lang='lat' dir='ltr'><strong>plane</strong></span> <span class='ocrx_word' id='word_1_114' title='bbox 801 1484 908 1549; x_wconf 83' lang='lat' dir='ltr'><strong>velim.</strong></span> <span class='ocrx_word' id='word_1_115' title='bbox 961 1483 1068 1548; x_wconf 90' lang='lat' dir='ltr'><strong>Multa</strong></span> <span class='ocrx_word' id='word_1_116' title='bbox 1100 1484 1228 1548; x_wconf 79' lang='grc'><strong>11111111</strong></span> <span class='ocrx_word' id='word_1_117' title='bbox 1278 1505 1279 1596; x_wconf 59' lang='lat' dir='ltr'><strong>q</strong></span> 
     </span>
     <span class='ocr_line' id='line_1_17' title="bbox 177 1571 1189 1656; baseline 0 -19"><span class='ocrx_word' id='word_1_118' title='bbox 177 1575 363 1656; x_wconf 77' lang='lat' dir='ltr'><strong>occurrunt,</strong></span> <span class='ocrx_word' id='word_1_119' title='bbox 397 1593 478 1655; x_wconf 85' lang='lat' dir='ltr'><strong>quae</strong></span> <span class='ocrx_word' id='word_1_120' title='bbox 509 1571 712 1653; x_wconf 80' lang='lat' dir='ltr'><strong>conturbent,</strong></span> <span class='ocrx_word' id='word_1_121' title='bbox 744 1574 782 1636; x_wconf 89' lang='lat' dir='ltr'><strong>ut</strong></span> <span class='ocrx_word' id='word_1_122' title='bbox 813 1571 974 1637; x_wconf 90' lang='lat' dir='ltr'><strong>interdum</strong></span> <span class='ocrx_word' id='word_1_123' title='bbox 1005 1571 1089 1636; x_wconf 90' lang='lat' dir='ltr'><strong>nulli</strong></span> <span class='ocrx_word' id='word_1_124' title='bbox 1116 1593 1189 1637; x_wconf 90' lang='lat' dir='ltr'><strong>esse</strong></span> 
     </span>
    </p>

    <p class='ocr_par' dir='ltr' id='par_1_5' title="bbox 123 1611 1281 2009">
     <span class='ocr_line' id='line_1_18' title="bbox 123 1611 1280 1745; baseline -0.001 -20"><span class='ocrx_word' id='word_1_125' title='bbox 123 1660 356 1726; x_wconf 74' lang='grc'><strong>6211111111111.</strong></span> <span class='ocrx_word' id='word_1_126' title='bbox 402 1657 466 1724; x_wconf 85' lang='lat' dir='ltr'><strong>Sed</strong></span> <span class='ocrx_word' id='word_1_127' title='bbox 495 1658 580 1742; x_wconf 86' lang='lat' dir='ltr'><strong>vide,</strong></span> <span class='ocrx_word' id='word_1_128' title='bbox 610 1681 709 1744; x_wconf 87' lang='lat' dir='ltr'><strong>quam</strong></span> <span class='ocrx_word' id='word_1_129' title='bbox 738 1663 845 1724; x_wconf 86' lang='lat' dir='ltr'><strong>teoum</strong></span> <span class='ocrx_word' id='word_1_130' title='bbox 872 1680 970 1745; x_wconf 80' lang='lat' dir='ltr'><strong>agam</strong></span> <span class='ocrx_word' id='word_1_131' title='bbox 991 1659 1189 1745; x_wconf 63' lang='lat' dir='ltr'><strong>liberalitem</strong></span> <span class='ocrx_word' id='word_1_132' title='bbox 1278 1611 1280 1704; x_wconf 77' lang='grc'><strong>1</strong></span> 
     </span>
     <span class='ocr_line' id='line_1_19' title="bbox 176 1717 1281 1834; baseline 0.001 -22"><span class='ocrx_word' id='word_1_133' title='bbox 176 1771 259 1834; x_wconf 90' lang='lat' dir='ltr'><strong>qnae</strong></span> <span class='ocrx_word' id='word_1_134' title='bbox 291 1748 476 1814; x_wconf 82' lang='lat' dir='ltr'><strong>eommunia</strong></span> <span class='ocrx_word' id='word_1_135' title='bbox 503 1751 579 1812; x_wconf 91' lang='lat' dir='ltr'><strong>sunt</strong></span> <span class='ocrx_word' id='word_1_136' title='bbox 606 1748 700 1813; x_wconf 86' lang='lat' dir='ltr'><strong>vobis</strong></span> <span class='ocrx_word' id='word_1_137' title='bbox 729 1770 802 1812; x_wconf 90' lang='lat' dir='ltr'><strong>oum</strong></span> <span class='ocrx_word' id='word_1_138' title='bbox 829 1748 944 1812; x_wconf 81' lang='lat' dir='ltr'><strong>ueteris</strong></span> <span class='ocrx_word' id='word_1_139' title='bbox 971 1747 1189 1833; x_wconf 90' lang='lat' dir='ltr'><strong>philosophis,</strong></span> <span class='ocrx_word' id='word_1_140' title='bbox 1280 1717 1281 1804; x_wconf 83' lang='grc'><strong>1</strong></span> 
     </span>
     <span class='ocr_line' id='line_1_20' title="bbox 175 1835 1189 1922; baseline 0.002 -21"><span class='ocrx_word' id='word_1_141' title='bbox 175 1859 242 1902; x_wconf 93' lang='lat' dir='ltr'><strong>non</strong></span> <span class='ocrx_word' id='word_1_142' title='bbox 273 1836 450 1922; x_wconf 84' lang='lat' dir='ltr'><strong>attingam,</strong></span> <span class='ocrx_word' id='word_1_143' title='bbox 481 1839 518 1900; x_wconf 91' lang='lat' dir='ltr'><strong>ut</strong></span> <span class='ocrx_word' id='word_1_144' title='bbox 544 1835 607 1901; x_wconf 86' lang='lat' dir='ltr'><strong>hoe</strong></span> <span class='ocrx_word' id='word_1_145' title='bbox 633 1835 755 1920; x_wconf 83' lang='lat' dir='ltr'><strong>ipsum3</strong></span> <span class='ocrx_word' id='word_1_146' title='bbox 785 1836 894 1921; x_wconf 82' lang='lat' dir='ltr'><strong>placet</strong></span> <span class='ocrx_word' id='word_1_147' title='bbox 921 1835 1008 1901; x_wconf 85' lang='lat' dir='ltr'><strong>enim</strong></span> <span class='ocrx_word' id='word_1_148' title='bbox 1035 1836 1189 1902; x_wconf 88' lang='lat' dir='ltr'><strong>omnibus</strong></span> 
     </span>
     <span class='ocr_line' id='line_1_21' title="bbox 175 1923 1230 2009; baseline -0.004 -20"><span class='ocrx_word' id='word_1_149' title='bbox 175 1925 244 1990; x_wconf 86' lang='lat' dir='ltr'><strong>sere</strong></span> <span class='ocrx_word' id='word_1_150' title='bbox 276 1923 419 2009; x_wconf 89' lang='lat' dir='ltr'><strong>mihique</strong></span> <span class='ocrx_word' id='word_1_151' title='bbox 450 1923 515 2008; x_wconf 88' lang='lat' dir='ltr'><strong>ipsi</strong></span> <span class='ocrx_word' id='word_1_152' title='bbox 545 1923 580 1988; x_wconf 94' lang='lat' dir='ltr'><strong>in</strong></span> <span class='ocrx_word' id='word_1_153' title='bbox 608 1924 722 2008; x_wconf 88' lang='lat' dir='ltr'><strong>primis</strong></span> <span class='ocrx_word' id='word_1_154' title='bbox 750 1924 826 1988; x_wconf 88' lang='lat' dir='ltr'><strong>deos</strong></span> <span class='ocrx_word' id='word_1_155' title='bbox 854 1944 934 1989; x_wconf 90' lang='lat' dir='ltr'><strong>esse.</strong></span> <span class='ocrx_word' id='word_1_156' title='bbox 978 1923 1094 2007; x_wconf 89' lang='lat' dir='ltr'><strong>Itaque</strong></span> <span class='ocrx_word' id='word_1_157' title='bbox 1120 1947 1190 1990; x_wconf 92' lang='lat' dir='ltr'><strong>non</strong></span> <span class='ocrx_word' id='word_1_158' title='bbox 1203 1945 1230 1985; x_wconf 83' lang='lat' dir='ltr'><strong>ro</strong></span> 
     </span>
    </p>

    <p class='ocr_par' dir='ltr' id='par_1_6' title="bbox 123 2012 1230 2627">
     <span class='ocr_line' id='line_1_22' title="bbox 123 2012 1191 2187; baseline -0.002 -19"><span class='ocrx_word' id='word_1_159' title='bbox 123 2104 166 2168; x_wconf 82' lang='lat'><strong>23</strong></span> <span class='ocrx_word' id='word_1_160' title='bbox 176 2012 1110 2186; x_wconf 67' lang='grc'><strong>111111111111111111</strong></span> <span class='ocrx_word' id='word_1_161' title='bbox 1120 2035 1191 2187; x_wconf 48' lang='grc' dir='ltr'><strong>’1ἕέ</strong></span> 
     </span>
     <span class='ocr_line' id='line_1_23' title="bbox 176 2188 1190 2275; baseline 0 -21"><span class='ocrx_word' id='word_1_162' title='bbox 176 2210 353 2272; x_wconf 81' lang='lat' dir='ltr'><strong>nurumque</strong></span> <span class='ocrx_word' id='word_1_163' title='bbox 379 2188 566 2253; x_wconf 91' lang='lat' dir='ltr'><strong>hominibus</strong></span> <span class='ocrx_word' id='word_1_164' title='bbox 594 2189 642 2253; x_wconf 88' lang='lat' dir='ltr'><strong>ita</strong></span> <span class='ocrx_word' id='word_1_165' title='bbox 668 2189 844 2272; x_wconf 89' lang='lat' dir='ltr'><strong>videretur,</strong></span> <span class='ocrx_word' id='word_1_166' title='bbox 870 2188 905 2252; x_wconf 91' lang='lat' dir='ltr'><strong>id</strong></span> <span class='ocrx_word' id='word_1_167' title='bbox 928 2188 1008 2253; x_wconf 90' lang='lat' dir='ltr'><strong>satis</strong></span> <span class='ocrx_word' id='word_1_168' title='bbox 1031 2210 1190 2275; x_wconf 80' lang='lat' dir='ltr'><strong>magnum</strong></span> 
     </span>
     <span class='ocr_line' id='line_1_24' title="bbox 177 2277 1188 2363; baseline 0.001 -20"><span class='ocrx_word' id='word_1_169' title='bbox 177 2280 406 2363; x_wconf 79' lang='lat' dir='ltr'><strong>argumentum</strong></span> <span class='ocrx_word' id='word_1_170' title='bbox 433 2297 504 2341; x_wconf 88' lang='lat' dir='ltr'><strong>esse</strong></span> <span class='ocrx_word' id='word_1_171' title='bbox 527 2277 651 2361; x_wconf 88' lang='lat' dir='ltr'><strong>dixisti,</strong></span> <span class='ocrx_word' id='word_1_172' title='bbox 679 2299 735 2342; x_wconf 85' lang='lat' dir='ltr'><strong>our</strong></span> <span class='ocrx_word' id='word_1_173' title='bbox 758 2298 829 2342; x_wconf 90' lang='lat' dir='ltr'><strong>esse</strong></span> <span class='ocrx_word' id='word_1_174' title='bbox 852 2277 928 2341; x_wconf 79' lang='lat' dir='ltr'><strong>deos</strong></span> <span class='ocrx_word' id='word_1_175' title='bbox 951 2277 1188 2344; x_wconf 85' lang='lat' dir='ltr'><strong>confiteremur.</strong></span> 
     </span>
     <span class='ocr_line' id='line_1_25' title="bbox 177 2364 1230 2450; baseline -0.004 -19"><span class='ocrx_word' id='word_1_176' title='bbox 177 2365 270 2442; x_wconf 82' lang='lat' dir='ltr'><strong>Quod</strong></span> <span class='ocrx_word' id='word_1_177' title='bbox 288 2387 361 2432; x_wconf 90' lang='lat' dir='ltr'><strong>oum</strong></span> <span class='ocrx_word' id='word_1_178' title='bbox 380 2365 451 2430; x_wconf 89' lang='lat' dir='ltr'><strong>leve</strong></span> <span class='ocrx_word' id='word_1_179' title='bbox 468 2386 527 2449; x_wconf 89' lang='lat' dir='ltr'><strong>per</strong></span> <span class='ocrx_word' id='word_1_180' title='bbox 544 2386 588 2450; x_wconf 88' lang='lat' dir='ltr'><strong>se,</strong></span> <span class='ocrx_word' id='word_1_181' title='bbox 610 2369 681 2429; x_wconf 92' lang='lat' dir='ltr'><strong>tum</strong></span> <span class='ocrx_word' id='word_1_182' title='bbox 698 2365 798 2429; x_wconf 88' lang='lat' dir='ltr'><strong>etiam</strong></span> <span class='ocrx_word' id='word_1_183' title='bbox 810 2364 932 2429; x_wconf 81' lang='lat' dir='ltr'><strong>falsum</strong></span> <span class='ocrx_word' id='word_1_184' title='bbox 946 2367 1004 2429; x_wconf 88' lang='grc'><strong>111.</strong></span> <span class='ocrx_word' id='word_1_185' title='bbox 1039 2364 1189 2430; x_wconf 89' lang='lat' dir='ltr'><strong>Primum</strong></span> <span class='ocrx_word' id='word_1_186' title='bbox 1203 2385 1230 2427; x_wconf 80' lang='grc'><strong>11</strong></span> 
     </span>
     <span class='ocr_line' id='line_1_26' title="bbox 177 2452 1188 2538; baseline -0.002 -18"><span class='ocrx_word' id='word_1_187' title='bbox 177 2455 264 2520; x_wconf 91' lang='lat' dir='ltr'><strong>enim</strong></span> <span class='ocrx_word' id='word_1_188' title='bbox 286 2453 370 2519; x_wconf 89' lang='lat' dir='ltr'><strong>unde</strong></span> <span class='ocrx_word' id='word_1_189' title='bbox 392 2452 456 2518; x_wconf 90' lang='lat' dir='ltr'><strong>tibi</strong></span> <span class='ocrx_word' id='word_1_190' title='bbox 472 2456 570 2517; x_wconf 90' lang='lat' dir='ltr'><strong>notae</strong></span> <span class='ocrx_word' id='word_1_191' title='bbox 589 2457 665 2518; x_wconf 90' lang='lat' dir='ltr'><strong>sunt</strong></span> <span class='ocrx_word' id='word_1_192' title='bbox 684 2452 851 2538; x_wconf 90' lang='lat' dir='ltr'><strong>opiniones</strong></span> <span class='ocrx_word' id='word_1_193' title='bbox 868 2453 1061 2518; x_wconf 79' lang='lat' dir='ltr'><strong>nationum?</strong></span> <span class='ocrx_word' id='word_1_194' title='bbox 1088 2452 1188 2538; x_wconf 83' lang='lat' dir='ltr'><strong>Equi·</strong></span> 
     </span>
     <span class='ocr_line' id='line_1_27' title="bbox 178 2540 1189 2627; baseline -0.002 -19"><span class='ocrx_word' id='word_1_195' title='bbox 178 2544 250 2608; x_wconf 88' lang='lat' dir='ltr'><strong>dem</strong></span> <span class='ocrx_word' id='word_1_196' title='bbox 278 2542 421 2608; x_wconf 88' lang='lat' dir='ltr'><strong>arbitror</strong></span> <span class='ocrx_word' id='word_1_197' title='bbox 448 2542 568 2606; x_wconf 88' lang='lat' dir='ltr'><strong>multas</strong></span> <span class='ocrx_word' id='word_1_198' title='bbox 596 2563 666 2606; x_wconf 88' lang='lat' dir='ltr'><strong>esse</strong></span> <span class='ocrx_word' id='word_1_199' title='bbox 694 2546 807 2627; x_wconf 87' lang='lat' dir='ltr'><strong>gentes</strong></span> <span class='ocrx_word' id='word_1_200' title='bbox 831 2540 877 2606; x_wconf 85' lang='lat' dir='ltr'><strong>sio</strong></span> <span class='ocrx_word' id='word_1_201' title='bbox 899 2541 1092 2606; x_wconf 91' lang='lat' dir='ltr'><strong>inmanitate</strong></span> <span class='ocrx_word' id='word_1_202' title='bbox 1115 2542 1189 2606; x_wconf 85' lang='lat' dir='ltr'><strong>effe·</strong></span> 
     </span>
    </p>

    <p class='ocr_par' dir='ltr' id='par_1_7' title="bbox 124 2628 1231 3509">
     <span class='ocr_line' id='line_1_28' title="bbox 124 2628 1188 2716; baseline 0.001 -22"><span class='ocrx_word' id='word_1_203' title='bbox 124 2636 278 2716; x_wconf 78' lang='lat' dir='ltr'><strong>saratas,</strong></span> <span class='ocrx_word' id='word_1_204' title='bbox 299 2634 338 2695; x_wconf 92' lang='lat' dir='ltr'><strong>ut</strong></span> <span class='ocrx_word' id='word_1_205' title='bbox 360 2629 447 2714; x_wconf 90' lang='lat' dir='ltr'><strong>apud</strong></span> <span class='ocrx_word' id='word_1_206' title='bbox 470 2650 525 2694; x_wconf 88' lang='lat' dir='ltr'><strong>eas</strong></span> <span class='ocrx_word' id='word_1_207' title='bbox 547 2630 640 2694; x_wconf 85' lang='lat' dir='ltr'><strong>nulla</strong></span> <span class='ocrx_word' id='word_1_208' title='bbox 662 2629 803 2715; x_wconf 88' lang='lat' dir='ltr'><strong>suspieio</strong></span> <span class='ocrx_word' id='word_1_209' title='bbox 827 2628 960 2694; x_wconf 91' lang='lat' dir='ltr'><strong>deorum</strong></span> <span class='ocrx_word' id='word_1_210' title='bbox 983 2630 1035 2694; x_wconf 91' lang='lat' dir='ltr'><strong>sit.</strong></span> <span class='ocrx_word' id='word_1_211' title='bbox 1080 2628 1188 2705; x_wconf 81' lang='lat' dir='ltr'><strong>Quid?</strong></span> 
     </span>
     <span class='ocr_line' id='line_1_29' title="bbox 176 2715 1188 2806; baseline -0.003 -20"><span class='ocrx_word' id='word_1_212' title='bbox 176 2720 355 2806; x_wconf 86' lang='lat' dir='ltr'><strong>Diagoras,</strong></span> <span class='ocrx_word' id='word_1_213' title='bbox 380 2715 561 2803; x_wconf 68' lang='grc'><strong>1111111111</strong></span> <span class='ocrx_word' id='word_1_214' title='bbox 584 2717 687 2783; x_wconf 85' lang='lat' dir='ltr'><strong>dietus</strong></span> <span class='ocrx_word' id='word_1_215' title='bbox 711 2720 774 2801; x_wconf 87' lang='lat' dir='ltr'><strong>est,</strong></span> <span class='ocrx_word' id='word_1_216' title='bbox 796 2721 974 2801; x_wconf 83' lang='lat' dir='ltr'><strong>posteaque</strong></span> <span class='ocrx_word' id='word_1_217' title='bbox 997 2717 1188 2783; x_wconf 81' lang='lat' dir='ltr'><strong>Theodorus</strong></span> 
     </span>
     <span class='ocr_line' id='line_1_30' title="bbox 176 2804 1231 2892; baseline -0.005 -19"><span class='ocrx_word' id='word_1_218' title='bbox 176 2830 284 2875; x_wconf 90' lang='lat' dir='ltr'><strong>nonne</strong></span> <span class='ocrx_word' id='word_1_219' title='bbox 307 2811 418 2892; x_wconf 89' lang='lat' dir='ltr'><strong>aperte</strong></span> <span class='ocrx_word' id='word_1_220' title='bbox 442 2805 575 2870; x_wconf 88' lang='lat' dir='ltr'><strong>deorum</strong></span> <span class='ocrx_word' id='word_1_221' title='bbox 592 2809 743 2870; x_wconf 90' lang='lat' dir='ltr'><strong>naturam</strong></span> <span class='ocrx_word' id='word_1_222' title='bbox 762 2805 985 2870; x_wconf 81' lang='lat' dir='ltr'><strong>sustulerunt?</strong></span> <span class='ocrx_word' id='word_1_223' title='bbox 1015 2804 1103 2872; x_wconf 87' lang='lat' dir='ltr'><strong>Nam</strong></span> <span class='ocrx_word' id='word_1_224' title='bbox 1121 2806 1188 2871; x_wconf 86' lang='lat' dir='ltr'><strong>Ab·</strong></span> <span class='ocrx_word' id='word_1_225' title='bbox 1203 2827 1231 2868; x_wconf 84' lang='lat' dir='ltr'><strong>so</strong></span> 
     </span>
     <span class='ocr_line' id='line_1_31' title="bbox 178 2893 1186 2980; baseline -0.001 -19"><span class='ocrx_word' id='word_1_226' title='bbox 178 2897 297 2961; x_wconf 92' lang='lat' dir='ltr'><strong>derites</strong></span> <span class='ocrx_word' id='word_1_227' title='bbox 326 2895 456 2980; x_wconf 90' lang='lat' dir='ltr'><strong>quidem</strong></span> <span class='ocrx_word' id='word_1_228' title='bbox 478 2893 691 2978; x_wconf 79' lang='lat' dir='ltr'><strong>Protagoras,</strong></span> <span class='ocrx_word' id='word_1_229' title='bbox 719 2893 810 2958; x_wconf 88' lang='lat' dir='ltr'><strong>ouius</strong></span> <span class='ocrx_word' id='word_1_230' title='bbox 837 2916 858 2959; x_wconf 83' lang='lat' dir='ltr'><strong>a</strong></span> <span class='ocrx_word' id='word_1_231' title='bbox 883 2896 917 2958; x_wconf 88' lang='lat' dir='ltr'><strong>te</strong></span> <span class='ocrx_word' id='word_1_232' title='bbox 944 2893 1040 2959; x_wconf 90' lang='lat' dir='ltr'><strong>modo</strong></span> <span class='ocrx_word' id='word_1_233' title='bbox 1063 2895 1186 2960; x_wconf 91' lang='lat' dir='ltr'><strong>mentio</strong></span> 
     </span>
     <span class='ocr_line' id='line_1_32' title="bbox 177 2981 1188 3068; baseline -0.001 -19"><span class='ocrx_word' id='word_1_234' title='bbox 177 2984 266 3050; x_wconf 83' lang='lat' dir='ltr'><strong>faeta</strong></span> <span class='ocrx_word' id='word_1_235' title='bbox 286 2986 345 3066; x_wconf 89' lang='lat' dir='ltr'><strong>est,</strong></span> <span class='ocrx_word' id='word_1_236' title='bbox 368 2982 531 3068; x_wconf 89' lang='lat' dir='ltr'><strong>sophistes</strong></span> <span class='ocrx_word' id='word_1_237' title='bbox 550 2982 751 3067; x_wconf 87' lang='lat' dir='ltr'><strong>temporibus</strong></span> <span class='ocrx_word' id='word_1_238' title='bbox 769 2981 837 3046; x_wconf 92' lang='lat' dir='ltr'><strong>illis</strong></span> <span class='ocrx_word' id='word_1_239' title='bbox 855 2982 908 3046; x_wconf 86' lang='lat' dir='ltr'><strong>vel</strong></span> <span class='ocrx_word' id='word_1_240' title='bbox 926 2983 1094 3067; x_wconf 84' lang='lat' dir='ltr'><strong>maximus,</strong></span> <span class='ocrx_word' id='word_1_241' title='bbox 1113 3005 1188 3048; x_wconf 86' lang='lat' dir='ltr'><strong>oum</strong></span> 
     </span>
     <span class='ocr_line' id='line_1_33' title="bbox 176 3068 1189 3156; baseline -0.001 -18"><span class='ocrx_word' id='word_1_242' title='bbox 176 3072 213 3138; x_wconf 92' lang='lat' dir='ltr'><strong>in</strong></span> <span class='ocrx_word' id='word_1_243' title='bbox 240 3071 400 3156; x_wconf 79' lang='lat' dir='ltr'><strong>principio</strong></span> <span class='ocrx_word' id='word_1_244' title='bbox 431 3071 508 3135; x_wconf 92' lang='lat' dir='ltr'><strong>libri</strong></span> <span class='ocrx_word' id='word_1_245' title='bbox 535 3071 581 3136; x_wconf 87' lang='grc'><strong>111</strong></span> <span class='ocrx_word' id='word_1_246' title='bbox 608 3071 784 3155; x_wconf 87' lang='lat' dir='ltr'><strong>posuisset:</strong></span> <span class='ocrx_word' id='word_1_247' title='bbox 817 3068 887 3135; x_wconf 78' lang='lat' dir='ltr'><strong>‘De</strong></span> <span class='ocrx_word' id='word_1_248' title='bbox 919 3070 1033 3154; x_wconf 85' lang='lat' dir='ltr'><strong>divis,</strong></span> <span class='ocrx_word' id='word_1_249' title='bbox 1064 3093 1189 3155; x_wconf 84' lang='lat' dir='ltr'><strong>neque</strong></span> 
     </span>
     <span class='ocr_line' id='line_1_34' title="bbox 177 3157 1188 3244; baseline 0 -19"><span class='ocrx_word' id='word_1_250' title='bbox 177 3163 220 3225; x_wconf 93' lang='lat' dir='ltr'><strong>ut</strong></span> <span class='ocrx_word' id='word_1_251' title='bbox 243 3159 324 3224; x_wconf 90' lang='lat' dir='ltr'><strong>sint</strong></span> <span class='ocrx_word' id='word_1_252' title='bbox 344 3180 467 3244; x_wconf 88' lang='lat' dir='ltr'><strong>neque</strong></span> <span class='ocrx_word' id='word_1_253' title='bbox 489 3162 531 3223; x_wconf 92' lang='lat' dir='ltr'><strong>ut</strong></span> <span class='ocrx_word' id='word_1_254' title='bbox 552 3180 627 3224; x_wconf 94' lang='lat' dir='ltr'><strong>non</strong></span> <span class='ocrx_word' id='word_1_255' title='bbox 650 3157 743 3242; x_wconf 92' lang='lat' dir='ltr'><strong>sint,</strong></span> <span class='ocrx_word' id='word_1_256' title='bbox 765 3158 888 3224; x_wconf 87' lang='lat' dir='ltr'><strong>habeo</strong></span> <span class='ocrx_word' id='word_1_257' title='bbox 912 3157 1063 3243; x_wconf 85' lang='lat' dir='ltr'><strong>dioere’,</strong></span> <span class='ocrx_word' id='word_1_258' title='bbox 1086 3159 1188 3226; x_wconf 84' lang='lat' dir='ltr'><strong>Athe-</strong></span> 
     </span>
     <span class='ocr_line' id='line_1_35' title="bbox 177 3246 1231 3332; baseline -0.006 -18"><span class='ocrx_word' id='word_1_259' title='bbox 177 3247 340 3314; x_wconf 89' lang='lat' dir='ltr'><strong>niensium</strong></span> <span class='ocrx_word' id='word_1_260' title='bbox 357 3246 448 3328; x_wconf 89' lang='lat' dir='ltr'><strong>iussu</strong></span> <span class='ocrx_word' id='word_1_261' title='bbox 465 3246 546 3311; x_wconf 90' lang='lat' dir='ltr'><strong>urbe</strong></span> <span class='ocrx_word' id='word_1_262' title='bbox 565 3251 662 3331; x_wconf 87' lang='lat' dir='ltr'><strong>atque</strong></span> <span class='ocrx_word' id='word_1_263' title='bbox 681 3267 761 3332; x_wconf 84' lang='lat' dir='ltr'><strong>agro</strong></span> <span class='ocrx_word' id='word_1_264' title='bbox 781 3250 831 3312; x_wconf 88' lang='lat' dir='ltr'><strong>est</strong></span> <span class='ocrx_word' id='word_1_265' title='bbox 850 3247 1083 3312; x_wconf 85' lang='lat' dir='ltr'><strong>exterminatus</strong></span> <span class='ocrx_word' id='word_1_266' title='bbox 1097 3248 1188 3312; x_wconf 91' lang='lat' dir='ltr'><strong>libri·</strong></span> <span class='ocrx_word' id='word_1_267' title='bbox 1202 3265 1231 3308; x_wconf 82' lang='lat' dir='ltr'><strong>ss</strong></span> 
     </span>
     <span class='ocr_line' id='line_1_36' title="bbox 178 3334 1189 3422; baseline 0.001 -21"><span class='ocrx_word' id='word_1_268' title='bbox 178 3357 241 3422; x_wconf 90' lang='lat' dir='ltr'><strong>que</strong></span> <span class='ocrx_word' id='word_1_269' title='bbox 277 3335 345 3400; x_wconf 90' lang='lat' dir='ltr'><strong>eius</strong></span> <span class='ocrx_word' id='word_1_270' title='bbox 380 3335 416 3397; x_wconf 92' lang='lat' dir='ltr'><strong>in</strong></span> <span class='ocrx_word' id='word_1_271' title='bbox 451 3334 602 3400; x_wconf 79' lang='lat' dir='ltr'><strong>contione</strong></span> <span class='ocrx_word' id='word_1_272' title='bbox 638 3335 806 3401; x_wconf 83' lang='lat' dir='ltr'><strong>combusti.</strong></span> <span class='ocrx_word' id='word_1_273' title='bbox 860 3334 912 3399; x_wconf 83' lang='lat' dir='ltr'><strong>Ex</strong></span> <span class='ocrx_word' id='word_1_274' title='bbox 943 3357 1007 3420; x_wconf 91' lang='lat' dir='ltr'><strong>quo</strong></span> <span class='ocrx_word' id='word_1_275' title='bbox 1039 3335 1189 3420; x_wconf 89' lang='lat' dir='ltr'><strong>equidem</strong></span> 
     </span>
     <span class='ocr_line' id='line_1_37' title="bbox 179 3422 1189 3509; baseline 0 -20"><span class='ocrx_word' id='word_1_276' title='bbox 179 3422 328 3490; x_wconf 87' lang='lat' dir='ltr'><strong>existimo</strong></span> <span class='ocrx_word' id='word_1_277' title='bbox 365 3422 524 3488; x_wconf 88' lang='lat' dir='ltr'><strong>tardiores</strong></span> <span class='ocrx_word' id='word_1_278' title='bbox 557 3424 599 3489; x_wconf 84' lang='lat' dir='ltr'><strong>sd</strong></span> <span class='ocrx_word' id='word_1_279' title='bbox 629 3423 713 3490; x_wconf 87' lang='lat' dir='ltr'><strong>hano</strong></span> <span class='ocrx_word' id='word_1_280' title='bbox 745 3424 941 3490; x_wconf 87' lang='lat' dir='ltr'><strong>sententiam</strong></span> <span class='ocrx_word' id='word_1_281' title='bbox 971 3424 1189 3509; x_wconf 90' lang='lat' dir='ltr'><strong>profitendam</strong></span> 
     </span>
    </p>
   </div>
   <div class='ocr_carea' id='block_1_3' title="bbox 0 0 1305 3880">
    <p class='ocr_par' dir='ltr' id='par_1_8' title="bbox 0 0 1305 3880">
     <span class='ocr_line' id='line_1_38' title="bbox 0 0 1305 3880; baseline 0 0"><span class='ocrx_word' id='word_1_282' title='bbox 0 0 1305 3880; x_wconf 95' lang='lat' dir='ltr'><strong> </strong></span> 
     </span>
    </p>
   </div>
  </div>
 </body>
</html>
