2526 3880
186 116 230 180 64
492 115 543 171 DE
562 115 717 172 NATURA
734 116 890 172 DEORUM

186 259 263 344 dici,
289 262 362 325 tum
383 281 529 326 recessus
553 264 587 325 et
607 260 742 347 frigoris
765 264 799 325 et
822 260 940 327 caloris
963 263 1097 327 modum
1118 265 1200 328 tern-

185 350 317 434 perant3
340 347 527 414 circumitus
551 348 637 414 enim
661 348 740 413 solis
764 349 892 414 orbium
915 369 939 415 v
961 353 995 414 et
1017 368 1064 415 Lx
1083 355 1115 415 et
1134 367 1199 418 ccc

187 439 305 520 quarta
325 435 394 502 iere
418 436 481 502 diei
503 441 599 522 parte
621 436 733 502 addita
755 438 1000 503 conversionem
1024 438 1200 504 conficiunt

186 546 337 608 annuam,
359 524 527 591 inflectens
552 528 661 590 autem
685 525 735 590 sol
758 547 889 591 cursum
911 530 983 590 turn
1007 527 1049 590 ad
1072 530 1200 612 septen-

185 613 323 695 triones,
354 615 426 677 tum
454 613 496 677 ad
521 612 689 678 meridiem
718 617 860 679 aestates
889 617 923 679 et
949 613 1073 680 hiemes
1097 614 1199 680 efficit
1225 633 1235 670 ⁵

186 704 220 765 et
243 722 282 765 ea
305 700 368 765 duo
391 704 550 786 tempora,
573 722 711 784 quorum
735 702 876 767 alterurn
898 702 999 767 hiemi
1017 703 1201 768 senescenti

186 788 373 854 adiunctum
397 792 456 872 est,
480 789 619 854 alterum
643 789 771 855 aestati.
812 789 865 856 Ita
888 811 928 855 ex
946 794 1102 875 quattuor
1118 796 1200 856 tem·

185 898 303 961 porum
325 877 562 942 mutationibus
586 877 740 962 omnium,
763 901 845 963 quae
868 882 958 943 terra
980 880 1127 964 marique
1152 880 1199 966 gi-

133 975 167 1026 50
187 968 339 1050 gnuntur,
360 964 457 1030 initia
479 987 657 1049 causaeque
676 966 844 1032 ducuntur.
881 966 953 1032 Iam
971 968 1051 1032 solis
1071 989 1198 1033 annuos

185 1073 298 1117 cursus
328 1053 445 1138 spatiis
475 1053 650 1119 menstruis
679 1055 758 1119 luna
784 1055 1005 1140 consequitur,
1023 1055 1123 1120 cuius
1151 1059 1199 1121 te-
1212 1073 1235 1109 1⁰

184 1140 379 1206 nuissimum
406 1141 517 1206 lumen
542 1141 623 1207 facit
649 1143 816 1228 proximus
845 1165 992 1208 accessus
1021 1144 1062 1208 ad
1084 1145 1199 1228 solem,

185 1229 350 1315 digressus
364 1233 474 1295 autem
488 1230 698 1316 longissimus
713 1231 850 1316 quisque
864 1231 1101 1317 plenissimum.
1133 1231 1198 1298 Ne

185 1339 248 1402 que
278 1318 384 1383 solum
414 1318 482 1382 eius
514 1319 636 1403 species
667 1341 704 1384 ac
733 1318 841 1384 forma
867 1323 1014 1385 mutatur
1036 1323 1108 1386 tum
1132 1343 1199 1386 cre·

185 1406 312 1490 scendo,
333 1409 405 1470 tum
429 1405 606 1471 defectibus
629 1406 664 1471 in
682 1407 777 1473 initia
795 1408 997 1492 recurrendo,
1021 1409 1199 1474 sedetiam

184 1493 292 1580 regio,
321 1515 405 1580 quae
432 1497 504 1558 tum
528 1497 579 1558 est
606 1495 784 1580 aquilonia,
813 1500 885 1561 tum
908 1497 1071 1562 australis.
1117 1499 1199 1563 Iuda
1212 1513 1234 1553 1⁵

184 1583 219 1646 in
249 1582 345 1647 lunae
378 1603 505 1667 quoque
538 1604 633 1647 cursu
662 1587 712 1648 est
744 1587 778 1648 et
808 1584 943 1649 brumae
975 1586 1135 1668 quaedam
1163 1590 1198 1650 et

166 1670 321 1752 ,solstitii
343 1670 533 1755 similitudo,
555 1672 722 1756 multaque
745 1673 787 1737 ab
811 1695 850 1737 ea
871 1676 1008 1747 manant
1030 1677 1064 1738 et
1081 1673 1198 1760 fluunt,

185 1759 303 1842 quibus
333 1762 367 1824 et
397 1759 580 1824 animantes
610 1761 739 1824 alantur
769 1764 1009 1846 augescantque
1037 1765 1071 1826 et
1097 1764 1198 1848 pube-

185 1849 278 1911 scant
308 1847 596 1932 maturitatemque
626 1848 857 1932 adsequantur,
890 1871 972 1933 quae
999 1849 1151 1916 oriuntur
1179 1873 1196 1916 e

131 1906 281 2032 ἔρωτα.
326 1934 478 2000 Maxume
504 1957 582 2000 vero
610 1939 686 2001 sunt
713 1936 921 2002 admirabiles
949 1941 1059 2003 motus
1084 1960 1197 2004 earum
1210 1956 1232 1996 2⁰

185 2023 326 2108 quinque
344 2024 524 2108 stellarum,
547 2045 629 2107 quae
642 2023 728 2090 falso
742 2029 900 2091 vocantur
914 2029 1069 2092 errantes.
1102 2026 1198 2093 Nihil

185 2111 271 2177 enim
299 2115 400 2196 errat,
428 2111 513 2196 quod
539 2111 575 2177 in
598 2113 687 2178 omni
710 2113 903 2178 aeternitate
927 2119 1101 2180 conservat
1123 2139 1198 2201 pro

185 2221 316 2287 gressus
345 2203 378 2265 et
404 2221 573 2286 regressus
595 2201 801 2286 reliquosque
824 2205 933 2267 motus
957 2204 1141 2268 constantis
1166 2208 1199 2270 et

184 2291 285 2354 ratos.
332 2286 424 2363 Quod
448 2309 486 2353 eo
510 2292 560 2354 est
584 2289 808 2355 admirabilius
831 2290 867 2355 in
887 2288 940 2354 his
961 2290 1085 2375 stellis,
1115 2314 1198 2376 quas

184 2376 330 2460 dicimus,
354 2376 430 2461 quia
452 2379 524 2442 tum
542 2378 755 2462 occultantur,
777 2381 848 2443 tum
866 2399 980 2444 rursus
994 2380 1194 2464 aperiuntur²
1209 2394 1231 2438 2⁵

183 2470 255 2532 tum
274 2465 402 2549 adeunt,
420 2467 492 2529 tum
510 2465 673 2550 recedunt,
689 2469 761 2530 tum
779 2466 981 2551 antecedunt,
999 2471 1069 2531 tum
1084 2472 1199 2534 autem

184 2555 434 2638 subsequuntur,
451 2557 523 2619 tum
537 2554 671 2620 celerius
686 2557 866 2638 moventur,
884 2558 956 2620 tum
969 2557 1106 2641 tardius,
1124 2560 1199 2624 turn

183 2642 316 2708 omnino
333 2663 374 2708 ne
397 2646 569 2707 morentur
588 2642 726 2727 quidem,
749 2642 805 2707 sed
824 2642 865 2708 ad
884 2643 1047 2728 quoddam
1064 2648 1199 2731 tempus

182 2731 348 2795 insistunt.
395 2728 538 2804 Quarum
558 2751 597 2795 ex
615 2730 799 2815 disparibus
818 2731 1018 2797 motionibus
1038 2754 1199 2820 magnum

184 2841 305 2884 annum
331 2817 556 2884 mathematici
582 2819 844 2904 nominaverunt,
873 2819 1022 2904 quitum
1045 2821 1232 2909 efficitur,³⁰

184 2927 257 2971 eum
285 2906 365 2972 solis
393 2909 426 2970 et
452 2907 548 2971 lunae
572 2909 605 2970 et
628 2907 769 2991 quinque
793 2908 971 2973 errantium
995 2909 1037 2974 ad
1059 2911 1197 2976 eandem

182 2994 269 3058 inter
297 3015 331 3059 se
354 2995 631 3080 comparationem
655 2995 811 3060 confectis
835 2997 979 3062 omnium
1003 2999 1122 3082 spatiis
1145 3004 1197 3066 est

130 3081 271 3147 refecta
293 3083 470 3149 conversio.
515 3081 603 3158 Quae
627 3104 725 3166 quam
748 3083 848 3170 longa
872 3085 928 3170 sit,
955 3107 1077 3172 magna
1100 3110 1197 3172 quae·

183 3169 248 3235 stio
281 3173 344 3254 est,
376 3169 447 3236 esse
474 3192 551 3236 vcro
579 3175 702 3236 certam
730 3175 764 3237 et
790 3172 958 3238 definitam
980 3196 1113 3240 necesse
1137 3181 1196 3242 est.

182 3256 269 3323 Nam
301 3279 352 3342 ea,
384 3280 466 3342 quae
495 3256 627 3325 Saturni
661 3259 758 3325 stella
790 3260 908 3326 dicitur
938 3265 1144 3348 Φαίνωνᾳυθ
1176 3281 1232 3331 a⁸⁵

183 3344 315 3412 Graecis
350 3347 551 3432 nominatur,
589 3369 671 3432 quae
709 3370 729 3412 a
760 3351 849 3414 terra
881 3350 975 3416 abest
1006 3351 1196 3440 plurimum,

181 3453 256 3501 xxx
285 3433 353 3500 fere
382 3435 476 3500 annis
506 3457 636 3501 cursum
659 3458 754 3503 suum
777 3438 920 3522 conficit,
950 3438 1074 3524 inquo
1098 3464 1197 3509 cursu
