2596 3882
394 119 462 176 ΜΒ.
481 120 502 176 L
527 119 603 176 OAP.
622 125 701 176 a—s.
720 127 735 188 s
753 127 832 177 a-e.
1054 121 1120 188 275

110 263 163 328 vel
187 283 299 328 corum
321 263 501 328 multorum
522 267 641 348 pestes,
665 285 747 348 quae
769 264 868 350 paulo
891 268 968 351 post
991 269 1121 332 secutae

110 354 195 416 sunt.
231 349 301 416 Nec
322 373 400 416 vero
423 351 490 416 iam
513 372 584 417 meo
607 351 738 428 nomine
762 352 928 417 abstinent
951 357 993 437 et,
1016 353 1120 438 oredo,

110 439 188 524 quia
214 441 330 504 nostro
358 439 493 504 consilio
521 461 559 504 aa
580 439 726 524 periculo
748 462 819 506 sese
841 441 877 506 in
898 440 958 506 illa
980 445 1049 506 vita
1072 445 1120 506 at

110 549 172 612 que
200 526 269 591 otio
292 530 501 592 conservatos
523 530 657 612 putant,
684 528 815 614 gravius
839 529 939 594 etiam
962 529 1001 594 de
1023 529 1119 594 nobis

80 618 289 700 squeruntur
312 618 345 679 et
368 616 540 681 amantius.
577 613 640 680 Sed
661 615 750 681 haud
771 616 868 683 facile
886 617 1031 702 dixerim,
1054 639 1120 702 aur,

109 725 183 769 cum
195 702 261 788 ipsi
275 701 418 768 discendi
432 707 489 768 aut
501 703 628 769 visendi
641 725 739 770 causa
752 705 856 770 maria
869 705 1057 770 tramittant
1065 755 1072 769 .
1081 755 1087 768 .
1096 755 1119 770 ..

356 861 596 942 [Desideraaoar
611 863 749 946 popinae
770 863 871 946 duae]

182 968 390 1033 ...salvam
418 988 488 1032 esse
515 968 687 1033 consulatu
715 967 826 1033 abiens
853 967 888 1033 in
911 988 983 1034 con·
1007 969 1047 1049 [p.
1067 983 1118 1034 aba
1138 1001 1154 1049 '1

108 1057 197 1121 tione
218 1056 341 1141 populo
365 1055 513 1120 Romano
535 1055 622 1120 idem
644 1056 772 1121 iurante
794 1055 1000 1140 iuravissem,
1022 1055 1118 1122 facile

109 1145 301 1208 iniuriarum
320 1143 465 1209 omnium
484 1165 727 1229 compensarem
745 1166 857 1210 curam
875 1147 908 1209 et
924 1144 1118 1210 molestiam.

69 1253 95 1291 ιο
110 1231 314 1316 Quamquam
336 1231 443 1297 nostri
461 1253 554 1297 casus
572 1233 648 1317 plus
665 1232 799 1298 honoris
817 1232 1002 1298 habuerunt
1021 1255 1119 1317 quam

108 1321 231 1385 laboris
267 1341 371 1405 neque
407 1323 537 1385 tantum
573 1320 758 1404 molestiae,
794 1324 953 1405 quantum
985 1321 1119 1406 gloriae,

108 1409 328 1494 maioremque
355 1407 516 1473 laetitiam
543 1429 582 1473 ex
610 1408 767 1474 desiderio
794 1408 954 1474 bonorum
976 1409 1119 1494 percepi-

108 1519 180 1562 mus
208 1518 306 1581 quam
334 1518 372 1561 ex
399 1495 527 1561 laetitia
552 1497 777 1582 improborum
805 1497 958 1575 dolorem.
1004 1494 1066 1562 Sed
1090 1501 1116 1563 si

109 1585 213 1669 aliter,
231 1589 269 1649 ut
283 1585 356 1668 dixi,
376 1584 555 1668 accidisset,
574 1585 629 1669 qui
642 1606 772 1670 possem
787 1585 901 1669 queri?
913 1582 917 1672 Ι
929 1607 1002 1650 oum
1015 1587 1055 1666 [p.
1065 1602 1118 1652 260

68 1692 94 1731 15
110 1672 191 1738 mihi
218 1673 300 1737 nihil
327 1672 494 1757 inproviso
521 1694 580 1737 nea
609 1673 754 1758 gravius,
782 1694 880 1757 quam
903 1674 1118 1759 exspectavis-

109 1783 187 1846 sem,
206 1782 266 1845 pro
285 1761 387 1826 tantis
406 1761 487 1825 meis
505 1759 602 1826 factis
621 1761 789 1826 evenisset.
825 1759 859 1826 Is
878 1761 965 1826 enim
981 1761 1117 1847 fueram,

108 1849 160 1915 aui
191 1871 265 1914 oum
295 1849 408 1914 liceret
437 1852 494 1913 aut
521 1849 660 1914 maiores
688 1870 728 1914 ex
756 1848 823 1915 otio
850 1848 975 1914 fructus
1003 1871 1117 1936 capere

107 1960 206 2023 quam
239 1937 354 2003 ceteris
385 1940 520 2022 propter
549 1937 676 2002 variam
703 1937 898 2003 suavitatem
926 1937 1116 2022 studiorum,

106 2027 143 2090 in
172 2025 289 2110 quibus
319 2047 339 2090 a
365 2024 505 2110 pueritia
532 2025 691 2109 vixeram,
718 2029 775 2090 aut
803 2025 832 2090 si
858 2025 936 2110 quid
959 2027 1117 2093 accideret

65 2135 92 2174 ao
108 2113 255 2180 acerbius
282 2113 456 2198 universis,
483 2134 550 2178 non
576 2113 798 2199 praecipuam,
825 2114 882 2179 sed
908 2136 1021 2199 parem
1043 2137 1117 2181 cum

107 2202 223 2268 ceteris
245 2201 396 2267 fortunae
419 2201 638 2267 condicionem
661 2202 783 2287 subire,
810 2224 877 2267 non
899 2202 1116 2269 dubitaverim

106 2313 159 2355 me
182 2289 384 2376 gravissimis
407 2290 657 2374 tempestatibus
678 2288 682 2376 Ι
703 2312 741 2356 ao
763 2312 865 2375 paene
887 2290 995 2355 fulmi-
1020 2293 1061 2372 [p.
1080 2308 1115 2358 49

105 2379 203 2444 nibus
220 2377 301 2464 ipsis
320 2378 452 2444 obvium
469 2377 554 2443 ferre
572 2378 866 2444 conservandorum
884 2377 1003 2444 civium
1019 2400 1116 2444 causa

107 2488 252 2551 meisque
283 2466 423 2552 propriis
454 2466 607 2551 periculis
638 2488 752 2552 parere
784 2488 953 2532 commune
980 2467 1115 2551 reliquis

64 2573 93 2614 aa
108 2555 220 2621 otium.
262 2553 376 2638 Neque
404 2554 490 2619 enim
516 2554 579 2620 hae
605 2576 665 2619 nos
692 2553 801 2640 patria
827 2555 899 2640 lege
923 2555 1035 2640 genuit
1058 2559 1150 2620 aut8

107 2643 265 2728 educavit,
286 2646 324 2707 ut
345 2643 438 2708 nulla
460 2643 554 2727 quasi
576 2643 731 2708 alimenta
754 2646 956 2727 exspectaret
978 2665 998 2708 a
1018 2643 1115 2708 nobis

107 2753 145 2797 aa
172 2734 301 2796 tantum
328 2730 424 2796 modo
450 2729 574 2796 nostris
600 2730 673 2815 ipsa
701 2729 877 2796 commodis
901 2731 1043 2796 serviens
1065 2734 1115 2797 tu-

106 2823 178 2884 tum
205 2818 391 2905 perfugium
418 2818 485 2884 otio
512 2822 626 2884 nostro
656 2819 878 2905 suppeditaret
901 2822 934 2883 et
956 2819 1114 2904 tranquil-

107 2908 177 2972 lum
204 2907 246 2972 ad
268 2907 409 2991 quietem
432 2907 552 2992 locum,
580 2906 636 2972 sed
658 2911 696 2972 ut
717 2907 875 2993 plurimas
899 2910 933 2971 et
955 2907 1113 2973 maximas

67 3013 93 3056 so
105 2995 213 3062 nostri
240 2992 362 3080 anilmi,
388 2995 524 3081 ingenii,
551 2995 679 3060 consilii
704 2995 809 3080 partis
836 2995 910 3081 ipsa
933 2995 995 3060 sibi
1019 2997 1060 3076 [p.
1080 3011 1114 3062 oo

106 3083 148 3150 ad
170 3083 349 3148 utilitatem
371 3103 463 3147 suam
490 3083 717 3168 pigneraretur
743 3086 935 3168 tantumque
961 3083 1056 3149 nobis
1079 3084 1115 3149 in

105 3175 256 3238 nostrum
277 3171 442 3255 privatum
464 3193 568 3255 usum,
591 3176 748 3255 quantum
768 3170 832 3257 ipsi
854 3193 1022 3257 superesse
1041 3194 1113 3258 pos-

107 3267 167 3344 set,
189 3259 379 3325 remitteret.

173 3346 244 3413 Iam
266 3348 325 3412 illa
348 3346 506 3433 perfugia,
529 3369 611 3432 quae
635 3350 765 3412 sumunt
788 3347 851 3411 sibi
874 3348 915 3413 ad
935 3319 1151 3445 excusatio-3

65 3453 92 3496 ss
105 3459 191 3522 nem,
214 3457 277 3520 quo
299 3435 427 3500 facilius
451 3435 519 3500 otio
541 3435 757 3520 perfruantur,
780 3438 866 3500 certe
884 3437 1016 3503 minime
1035 3440 1111 3502 sunt

845 3538 899 3593 18*
