2630 3890
392 112 459 169 ΜΒ,
480 114 501 169 1.
527 113 602 170 οΑΡ.
622 118 736 170 25-28.
755 119 771 180 s
790 120 904 170 se-ea
1092 112 1156 178 167

143 259 294 324 Alterum
312 259 360 323 ita
378 258 537 323 traditum
556 259 681 323 clarum
695 258 868 323 admodum
882 259 1057 324 somnium:
1074 257 1157 324 Cum
1175 269 1211 320 5⁷

144 348 207 412 duo
238 347 370 431 quidam
393 346 537 412 Arcades
566 347 746 412 familiares
773 347 837 411 iter
864 369 928 412 una
954 347 1100 412 facerent
1123 350 1157 411 et

143 435 313 522 Megaram
335 435 513 520 venissent,
542 436 681 500 alterum
705 435 746 500 ad
769 456 947 520 cauponem
970 435 1158 520 devertisse,

145 525 186 590 ad
208 523 372 608 hospitem
396 525 544 588 alterum.
581 523 643 599 Qui
665 527 703 588 ut
726 524 832 589 cenati
851 525 1060 608 quiescerent,
1084 545 1158 589 con-

114 612 240 678 seubia
262 616 357 676 noete
380 612 487 676 visum
510 633 580 677 esse
603 613 784 676 insomnis
808 613 847 696 ei,
871 613 927 696 qui
950 615 1021 677 erat
1043 613 1079 676 in
1100 610 1157 677 ho-

145 701 258 786 spitio,
284 700 379 765 illum
403 701 542 764 alterum
566 722 672 785 orare,
699 704 737 765 ut
761 701 961 786 subveniret,
985 701 1071 785 qnod
1093 700 1158 764 sibi

145 814 165 854 a
187 810 332 874 caupone
350 789 502 853 interitus
521 792 707 874 pararetur,
730 811 803 854 eum
821 789 927 874 primo
946 788 1157 874 perterritum

145 878 272 943 somnio
301 877 491 961 surrexisse3
520 877 594 941 dein
621 900 693 942 curn
717 899 751 942 se
774 879 971 963 conlegisset
993 878 1090 961 idque
1111 877 1158 942 ri-

146 989 218 1031 sum
244 988 304 1051 pro
331 966 435 1031 nihilo
463 966 647 1030 habendum
675 988 745 1030 esse
773 966 931 1050 duxisset,
958 966 1158 1049 recubuisse3

102 1073 131 1112 1⁰
144 1058 217 1120 tum
241 1055 271 1118 ei
288 1054 461 1119 dormienti
480 1055 616 1140 eundem
634 1054 729 1119 illum
747 1055 853 1120 visum
873 1077 943 1119 esse
961 1075 1088 1139 rogare,
1111 1057 1158 1139 ut,

108 1177 110 1182 ·
146 1143 301 1228 quoniam
324 1141 388 1207 sibi
408 1142 484 1208 vivo
507 1164 574 1207 non
596 1143 814 1226 subvenisset,
837 1147 978 1208 mortem
1002 1164 1094 1208 suam
1116 1164 1158 1208 ne

144 1232 285 1297 inultam
312 1252 382 1296 esse
409 1233 588 1315 pateretur,
620 1253 654 1294 se
681 1230 888 1296 interfectum
916 1232 951 1295 in
972 1231 1158 1316 plaustrum

145 1343 166 1386 a
193 1341 338 1405 caupone
366 1331 436 1384 esse
459 1319 639 1384 coniectum
663 1322 697 1384 et
719 1341 818 1404 supra
842 1322 966 1384 stercus
989 1319 1159 1403 iniectum3

145 1411 265 1494 petere,
288 1412 326 1473 ut
348 1429 442 1472 mane
466 1406 507 1472 ad
529 1411 661 1492 portam
680 1407 817 1492 adesset,
840 1408 931 1492 prius
951 1430 1049 1492 quam
1067 1408 1159 1493 plan·
1185 1427 1196 1435 ·

104 1513 132 1554 1⁵
147 1501 252 1561 strum
276 1517 314 1560 er
338 1496 457 1581 oppido
481 1496 591 1560 exiret.
632 1494 704 1561 Hoc
726 1517 803 1560 vero
828 1518 901 1560 eum
925 1496 1050 1561 somnio
1074 1519 1159 1562 eom-

2 1651 3 1658 ,
146 1588 273 1650 motum
296 1606 391 1648 mane
412 1584 553 1649 bubulco
571 1588 704 1669 praesto
724 1584 765 1648 ad
783 1589 913 1669 portam
930 1584 1041 1668 fuisse,
1065 1607 1160 1669 quae

69 1733 74 1741 .
146 1675 229 1738 sisse
252 1695 291 1737 ex
314 1695 361 1756 ec,
385 1673 461 1757 quid
485 1675 571 1737 esset
594 1673 628 1736 in
648 1673 812 1757 plaustro,
835 1673 930 1737 illum
948 1675 1160 1758 perterritum

145 1762 279 1847 fugisse,
303 1765 467 1826 mortuum
491 1764 618 1825 erutum
642 1782 721 1847 esse,
744 1783 921 1846 cauponem
941 1783 976 1826 re
994 1762 1161 1846 patefacta

146 1853 270 1935 poenas
294 1849 427 1914 dedisse.
1170 1902 1213 1967 28

105 1955 133 1995 so
214 1936 299 2012 Quid
327 1937 390 2002 hoe
420 1937 545 2002 somnio
576 1937 638 2002 dici
664 1940 775 2021 potest
798 1937 960 2002 divinius?
997 1935 1059 2002 Sed
1083 1938 1161 2022 quid
1179 1980 1214 2030 58

147 2030 205 2092 aut
234 2027 331 2110 plura
360 2028 417 2090 aut
446 2029 558 2090 vetera
588 2025 794 2109 quaerimus?
831 2023 934 2111 Saepe
960 2025 1024 2090 tibi
1051 2049 1159 2091 meum

146 2114 288 2198 narravi,
312 2135 408 2197 saepe
432 2136 470 2178 ex
492 2117 526 2177 te
550 2113 660 2178 audivi
682 2117 775 2178 tuum
799 2115 974 2180 somnium:
1003 2137 1063 2198 me,
1086 2136 1159 2180 eum

147 2201 247 2266 Asiae
278 2223 338 2286 pro
362 2223 425 2266 cos.
448 2223 646 2286 praeessem,
673 2202 793 2266 vidisse
816 2203 852 2266 in
875 2203 995 2287 quiete,
1026 2225 1099 2266 cum
1122 2207 1161 2267 tu

147 2313 230 2374 equo
255 2291 408 2355 advectus
431 2290 473 2354 ad
492 2290 654 2373 quandam
673 2291 786 2376 magni
803 2291 945 2356 fluminis
962 2291 1068 2375 ripam
1086 2312 1160 2375 pro-

106 2382 261 2445 avectus
289 2379 398 2443 subito
427 2382 524 2462 atque
549 2378 700 2463 delapsus
722 2379 758 2443 in
779 2378 901 2443 flumen
922 2401 1082 2462 nusquam
1106 2401 1161 2463 ap·

147 2467 326 2553 paruisses,
353 2488 405 2531 me
433 2467 665 2531 contremuisse
693 2467 810 2532 timore
837 2467 1061 2552 perterritum3
1088 2468 1161 2529 turn

148 2560 181 2620 te
204 2559 337 2640 repente
360 2555 483 2619 laetum
507 2554 672 2620 exstitisse
693 2556 869 2639 eodemque
889 2577 970 2638 equo
990 2553 1161 2619 adversam
1222 2563 1225 2572 “

149 2643 333 2709 ascendisse
365 2641 483 2728 ripam,
515 2665 639 2727 nosque
670 2643 756 2708 inter
784 2665 845 2708 nos
875 2665 946 2708 esse
977 2643 1160 2726 conplexos.

148 2731 269 2796 Facilis
293 2731 478 2798 coniectura
500 2731 596 2796 huius
620 2733 751 2816 somnii,
779 2731 923 2816 mihique
947 2753 966 2796 a
989 2731 1103 2815 peritis
1126 2731 1162 2794 in

109 2837 135 2877 30
149 2819 230 2884 Asia
252 2820 454 2904 praedictum
478 2823 528 2885 est
550 2820 620 2885 fore
640 2842 694 2886 eos
714 2823 848 2885 eventus
866 2842 984 2903 rerum,
1008 2819 1064 2902 qui
1082 2819 1162 2884 acci-

149 2908 274 2973 derunt.
314 2907 418 2973 Venio
441 2931 526 2974 nunc
550 2908 591 2973 ad
612 2912 714 2974 tunm.
750 2907 871 2973 Audivi
895 2907 1043 2992 equidem
1067 2930 1105 2972 ex
1126 2910 1160 2973 te
1178 2920 1215 2970 591

148 2997 231 3081 ipso,
255 2994 310 3061 sed
333 2997 414 3061 mihi
438 2998 566 3082 saepius
584 3001 696 3062 noster
714 2993 891 3061 Sallustius
909 2996 1065 3080 narravit,
1088 3019 1161 3062 eum

147 3085 184 3149 in
204 3084 265 3148 illa
286 3084 367 3170 fuga
385 3085 480 3150 nobis
499 3085 652 3172 gloriosa,
675 3085 801 3171 patriae
820 3085 1065 3150 calamitosam
1082 3085 1163 3150 villa

150 3173 290 3257 quadam
318 3173 426 3257 campi
448 3173 595 3239 Atinatis
623 3195 770 3238 maneres
793 3195 1011 3258 magnamque
1033 3176 1162 3258 partem

110 3261 256 3327 anoctis
285 3261 470 3347 vigilasses,
498 3262 539 3326 ad
565 3263 671 3327 lucem
699 3262 835 3345 denique
863 3266 933 3327 arte
961 3266 994 3327 et
1018 3262 1162 3348 graviter

150 3349 290 3414 dormire
313 3353 346 3414 te
370 3349 529 3435 coepisse;
555 3351 680 3435 itaque,
709 3373 906 3434 quamquam
928 3351 992 3416 iter
1014 3351 1163 3434 instaret,

149 3441 261 3503 tamen
289 3437 455 3502 silentium
481 3438 552 3502 fieri
579 3439 713 3504 iussisse
740 3461 902 3524 seneque
930 3462 1000 3504 esse
1026 3461 1163 3524 passum
