2590 3880
196 161 218 224 2
502 160 895 244 perseusannoaou

196 299 379 372 gravissimae
404 301 487 356 huius
513 301 685 371 quaestionis
708 302 743 359 de
766 304 867 357 natura
890 303 1005 372 deorum
1027 301 1155 369 disserit,
1176 301 1216 358 de

196 387 252 442 qna
273 372 334 426 tam
351 372 446 428 variae
468 374 582 442 tamque
606 371 798 442 discrepantes
820 373 1055 444 philosophorum
1073 373 1132 428 sint
1149 389 1215 428 sen-

197 441 314 510 eentiae,
332 459 402 513 quas
421 441 553 512 deinceps
571 443 670 514 paucis
689 445 802 498 enarrat
819 447 890 514 (cap.
906 452 931 510 1,
949 448 986 513 2).
1018 443 1089 498 Tum
1104 442 1214 512 Cicero,

196 513 330 582 quoniam
348 514 378 568 εὴ
395 513 479 567 amici
496 512 628 569 benivole
643 530 707 568 eum
724 514 928 569 admonuerant
941 515 971 569 et
987 512 1079 569 invidi
1095 513 1215 568 inimice

196 583 785 710 aus
952 584 1081 711 ,cerri
1098 584 1214 710 ere

197 725 272 806 viter
288 697 427 806 rationem
444 723 547 790 reddit,
566 673 650 794 qulam
669 673 783 807 obprem
800 725 862 796 ipsc
876 725 1108 808 Academicorum
1126 725 1214 781 disci·

196 795 304 919 {linem
326 796 509 876 potissimum
529 796 640 876 secutus
664 797 715 863 sit,
739 811 857 877 quornm
875 796 910 852 de
933 813 1108 879 gravissimu
1126 797 1214 878 rebus

217 866 359 921 ubitanter
376 865 512 934 loquendr
528 866 601 932 ratuo
619 865 656 920 ad
673 865 749 921 hanc
767 882 858 936 rpsam
876 868 1071 935 quaeshcnem
1088 883 1213 922 mammo

197 952 283 1018 opere
299 935 441 1006 pertinere
459 935 602 1003 videatur,
625 937 661 1017 de
680 953 736 1018 qua
754 953 817 1014 oum
835 935 1103 1020 difficillimumqper
1120 954 1150 1020 se
1172 937 1214 992 sit

197 1007 358 1201 perra
372 1006 998 1147 thressaeque
1015 1007 1212 1136 erretur

221 1149 311 1202 ettam
329 1148 359 1202 et
377 1147 407 1206 0.
421 1147 563 1202 Velleium
581 1149 611 1202 et
629 1146 660 1212 Q.
674 1148 814 1203 Lucilium
831 1148 952 1203 Balbum
969 1165 1000 1204 se
1018 1148 1150 1203 audiente
1168 1149 1212 1203 in-

197 1218 299 1272 stituta
315 1217 410 1285 refert,
428 1217 459 1271 in
477 1234 533 1285 qua
550 1234 620 1286 qnae
639 1235 656 1272 a
672 1218 848 1290 principibus
866 1217 925 1273 illis
942 1219 1029 1274 trium
1047 1219 1211 1289 disciplina-

196 1305 259 1343 rum
286 1288 431 1360 disputata
452 1287 522 1356 sint,
550 1305 580 1344 se
603 1287 674 1344 dicit
695 1289 740 1344 his
764 1288 845 1344 libris
867 1306 1005 1360 exponere
1030 1289 1212 1346 constituisse

198 1361 269 1430 (cap.
289 1367 314 1428 6,
334 1366 349 1415 7
372 1366 388 1426 5
408 1361 540 1428 15-17).
577 1358 616 1414 Et
635 1359 667 1413 in
683 1359 738 1415 hcc
757 1358 870 1427 quidem
887 1359 978 1430 primo
996 1359 1070 1415 libro
1095 1360 1211 1415 initium

197 1429 362 1501 disputandi
379 1429 451 1484 facit
468 1427 498 1485 (l.
512 1428 647 1496 Velleius,
666 1430 695 1485 εὴ
713 1446 731 1485 a
748 1430 965 1500 reprehensione
984 1431 1097 1500 quidem
1114 1429 1211 1487 Plato·
1285 1487 1286 1492 ,

196 1500 278 1556 nicae
297 1501 327 1556 et
339 1500 451 1556 Stoicae
464 1499 591 1568 rationis,
610 1516 728 1570 quarum
745 1499 797 1554 illc
808 1501 944 1555 mundum
962 1501 1046 1556 adeo
1064 1503 1211 1570 tamquam

198 1571 299 1644 opifice
321 1572 406 1640 atque
429 1569 607 1627 aedificatore
629 1569 788 1642 proiectum
810 1571 1013 1638 contendebat,
1031 1571 1122 1627 altere
1139 1570 1210 1642 πρό-

196 1661 293 1712 νοιαν,
310 1640 341 1695 id
360 1643 404 1697 est
420 1640 641 1724 providentiam,
659 1640 822 1708 inducebat,
846 1657 864 1696 a
882 1657 937 1711 qua
953 1642 1074 1696 mundns
1092 1641 1211 1698 effectus
1287 1641 1288 1654 *

198 1714 274 1768 esset
296 1713 326 1766 et
352 1711 608 1778 admmistraretur,
635 1712 753 1780 utaque
779 1714 874 1767 antem
899 1713 1035 1766 mundum
1059 1712 1153 1768 animo
1179 1715 1212 1768 et

197 1782 326 1838 sensibus
338 1782 505 1854 praeditum,
523 1782 684 1849 rotundum,
702 1782 847 1837 ardentem
860 1782 1069 1853 volubilemque
1085 1783 1212 1839 faciebat

196 1856 269 1924 (cap.
288 1859 395 1909 8-10.
430 1852 614 1923 Reliquorum
632 1852 733 1907 deinde
753 1852 877 1907 omnium
898 1853 1131 1925 philosophorum
1150 1853 1210 1908 iam
1287 1859 1288 1868 ¹

196 1924 262 1979 inde
280 1940 298 1978 a
315 1923 376 1978 Tha
388 1925 434 1978 ete
452 1923 488 1978 de
506 1924 559 1978 dec
577 1922 725 1978 sententiis
738 1922 862 1978 breviter
880 1924 1104 1979 commemoratis
1118 1926 1149 1979 et
1165 1942 1210 1980 re-
1285 1943 1286 1950 ¹

195 1993 341 2066 prehensis
365 1997 435 2066 (cap.
456 1996 580 2064 10-15)
603 1993 639 2048 ad
657 1993 749 2064 ipsam
766 1993 933 2064 Epicuream
951 1994 986 2049 de
1005 1993 1050 2048 dis
1067 1994 1210 2050 rationem

197 2064 734 2205 {feltttffittstmdtt
745 2080 916 2190 lisinii?
933 2065 1211 2204 {diffidit

197 2205 297 2262 animis
320 2222 416 2260 eorum
437 2205 583 2260 notionem
601 2153 793 2276 lmpressissec
815 2177 917 2260 natura
940 2205 1053 2262 steine
1078 2206 1212 2262 doctrina

197 2275 431 2348 anticipationem
445 2276 585 2346 quandam
598 2276 722 2345 deonna,
737 2292 821 2345 quam
833 2275 896 2348 ipse
909 2277 1038 2347 appellat
1054 2274 1208 2348 πρόληψιν,

197 2349 257 2404 sine
271 2363 327 2416 qua
338 2364 396 2403 non
409 2346 540 2416 intellegi
553 2345 702 2415 quicquam
714 2363 768 2402 nec
781 2347 879 2416 quaeri
891 2363 944 2402 nec
957 2346 1096 2418 disputari
1109 2365 1209 2419 posse;

196 2420 227 2474 id
245 2435 280 2473 ex
297 2433 330 2474 ec
349 2417 487 2488 intellegi,
506 2417 582 2486 quod
600 2417 724 2472 omnium
740 2417 887 2472 hominum
903 2417 934 2471 in
948 2434 981 2472 eo
998 2418 1037 2474 eit
1053 2417 1126 2473 mira
1144 2435 1211 2476 con-

199 2489 304 2557 sensio,
327 2489 360 2542 ut
377 2486 445 2544 deos
464 2504 526 2543 esse
544 2489 683 2556 statuant,
706 2504 823 2558 eamque
840 2489 888 2544 vel
910 2488 1144 2560 anticipationem
1162 2489 1210 2545 rel

198 2558 411 2631 praenotionem
437 2559 552 2625 deorum
573 2559 709 2626 habeant,
732 2559 765 2612 ut
787 2575 836 2614 eos
859 2558 957 2614 beatos
977 2559 1011 2614 et
1033 2558 1210 2615 immortales

197 2631 312 2703 putent;
331 2647 365 2685 ex
382 2645 437 2699 quo
456 2628 598 2697 consequi,
616 2630 649 2683 ut
665 2628 737 2684 nihil
751 2628 861 2698 negotii
876 2645 929 2684 nec
945 2629 1001 2700 ipsi
1018 2629 1144 2685 habeant
1156 2648 1210 2686 nec

169 2741 174 2751 .
197 2701 262 2756 aliis
285 2699 435 2755 exhibeant
456 2715 548 2768 neque
570 2699 613 2753 ira
629 2715 720 2768 neque
738 2699 831 2769 gratia
847 2701 1009 2769 teneantur,
1032 2701 1112 2770 quia,
1137 2719 1211 2770 quae

197 2771 269 2826 talia
290 2771 359 2837 sint,
382 2768 526 2824 imbecilla
548 2769 606 2824 sint
628 2769 730 2826 omnia.
766 2770 800 2824 ld
822 2769 848 2825 si
865 2769 908 2825 ita
930 2770 979 2838 eit,
1002 2770 1050 2841 pie
1074 2771 1210 2828 colendos

198 2858 259 2896 esse
284 2840 351 2896 deos
378 2841 495 2912 propter
539 2840 709 2895 raestantem
734 2841 875 2908 naturam,
900 2841 978 2896 nullo
1004 2842 1098 2897 autem
1122 2844 1211 2900 modo

196 2911 346 2978 timendos,
366 2927 420 2980 qno
433 2927 490 2965 uno
529 2910 580 2964 icit
593 2926 703 2965 omnem
722 2911 950 2982 superstitionem
968 2912 1060 2968 everti
1077 2916 1149 2985 (cap.
1165 2921 1211 2982 lo,

199 2985 251 3052 1⁷).
289 2980 343 3036 Sed
362 2981 399 3035 ad
415 2980 489 3034 hanc
507 2980 669 3052 opinionem
685 2981 902 3036 confirmandam
919 2983 1065 3053 anquirere
1084 2985 1211 3039 animum

198 3054 228 3108 et
245 3051 363 3106 formam
381 3053 412 3106 et
428 3051 518 3106 vitam
537 3053 566 3107 εὴ
587 3051 729 3108 actionem
751 3052 853 3107 mentis
871 3054 956 3122 atque
975 3053 1161 3124 agitationem
1177 3055 1211 3110 in

155 3187 156 3190 Ἴ
198 3123 264 3190 deo;
288 3125 318 3178 et
338 3122 457 3192 figuram
480 3121 595 3191 quidem
616 3122 724 3177 nullam
745 3138 829 3194 posse
851 3122 937 3178 aliem
959 3140 1020 3180 esse
1038 3125 1095 3180 nisi
1111 3127 1210 3181 huma·

198 3209 276 3261 nam,
286 3192 416 3317 (prirrcrlum
434 3193 515 3317 qlloll
528 3193 779 3318 naturafspecierr}⁶
790 3193 882 3319 alnllnlr
899 3194 1089 3322 dqommtgssn
1106 3197 1210 3321 balgaa-

196 3280 353 3416 fflnuffi
367 3280 457 3404 {gllzl
474 3279 770 3417 domuilillaumolnnelrtlle
789 3281 1211 3407 ellsecpeorslslilla’liequeqlgmell

197 3405 764 3532 {ttettttttthttrtt
776 3421 1210 3548 tramittere

980 3517 988 3544 ‚
1154 3517 1155 3520 ,
1199 3510 1211 3522 .
