2596 3882
198 143 266 208 314
554 141 603 195 on
622 139 671 194 aa
688 138 846 194 ruamur

199 285 339 353 Romam
357 283 497 351 Curibus
515 284 641 350 accivit.
678 282 740 359 Qui
758 286 795 348 ut
813 284 877 348 huc
894 283 994 367 venit,
1013 304 1210 367 quamquam

199 374 339 459 populus
373 373 506 439 curiatis
539 395 613 437 eum
643 372 785 437 comitiis
818 393 930 458 regem
961 391 1032 436 esse
1060 371 1210 454 iusserat,

199 468 310 526 tamen
332 461 403 547 ipse
427 461 465 526 de
488 482 547 526 suo
570 460 708 545 imperio
731 461 890 525 curiatam
913 460 1020 544 legem
1042 457 1130 541 tulit,
1154 458 1211 524 hc

199 551 367 634 minasque
385 549 551 614 Romanos
570 548 722 613 instituto
741 547 874 612 Romuli
892 547 1019 612 bellicis
1039 546 1156 612 studiis
1173 549 1211 611 ut

199 639 283 703 vidit
314 639 477 721 incensos,
506 637 706 702 existimavit
736 659 792 702 eos
819 635 954 722 paulum
982 635 1024 700 ab
1050 635 1111 701 illa
1136 651 1239 700 con-⁵

201 727 370 792 suetudine
393 747 463 790 esse
486 725 693 790 revocandos.
910 767 912 772 -

146 787 192 916 ἐξ
267 814 317 879 Ac
347 814 489 898 primum
517 835 628 899 agros,
659 834 741 897 quos
769 813 857 878 bello
885 812 1044 878 Romulus
1071 816 1212 897 ceperat,

199 931 227 984 p.
247 906 296 984 87]
320 902 432 968 divisit
457 902 582 966 viritim
609 901 733 967 civibus
753 901 758 986 Ι
779 901 952 986 docuitque
979 901 1048 965 sinc
1072 901 1212 986 depopu-

199 992 323 1056 latione
351 994 448 1074 atquc
475 991 596 1074 praeda
622 1011 719 1074 posse
746 1010 802 1054 eos
828 989 972 1055 colendis
1000 988 1089 1074 agris
1112 989 1213 1053 abun·

201 1080 277 1143 dare
305 1078 483 1144 commodis
507 1078 657 1142 omnibus
681 1099 888 1162 amoremque
911 1077 958 1141 eis
980 1077 1041 1142 otii
1064 1081 1098 1142 et
1120 1078 1212 1162 pacis
1226 1095 1250 1132 1⁰

199 1167 324 1250 iniecit,
355 1167 472 1250 quibus
501 1165 657 1231 facillime
687 1165 815 1230 iustitia
841 1169 875 1230 et
901 1165 982 1230 fides
1004 1165 1213 1250 convalescit,

201 1259 235 1319 et
267 1277 404 1340 quorum
436 1255 618 1340 patrocinio
651 1255 791 1319 maxime
823 1254 930 1319 cultus
960 1275 1115 1339 agrorum
1142 1275 1214 1338 per·

201 1344 371 1427 ceptioque
397 1343 530 1429 frugum
558 1342 748 1407 defenditur.
792 1341 946 1426 Idemque
969 1340 1152 1427 Pompilius
1180 1346 1215 1406 et

200 1432 353 1517 auspiciis
382 1431 561 1496 maioribus
593 1430 734 1495 inventis
767 1430 808 1494 ad
834 1431 1010 1515 pristinum
1041 1452 1214 1495 numerum

200 1520 264 1584 duo
299 1541 438 1605 augures
470 1519 594 1584 addidit
624 1523 657 1582 et
688 1518 788 1583 sacris
821 1541 838 1582 e
865 1519 1049 1603 principum
1075 1540 1213 1584 numero
1228 1535 1253 1574 ¹⁵

200 1636 228 1688 p.
247 1609 295 1690 88]
322 1607 493 1692 pontifices
519 1603 669 1693 quinlque
699 1606 855 1691 praefecit
883 1610 916 1670 et
942 1607 1068 1672 animos
1096 1629 1216 1692 propo·

201 1696 274 1761 sitis
302 1697 430 1783 legibus
457 1695 523 1778 his,
547 1716 628 1779 quas
654 1695 689 1759 in
716 1695 934 1759 monumentis
963 1695 1136 1780 habemus,
1164 1717 1216 1759 ar-

202 1784 307 1849 dentis
332 1784 563 1849 consuetudine
591 1787 624 1848 et
649 1783 826 1868 cupiditate
848 1782 994 1847 bellandi
1015 1783 1216 1870 religionum

203 1872 407 1937 caerimoniis
434 1872 599 1958 mitigavit
627 1871 836 1954 adiunxitque
862 1875 1033 1955 praetcrea
1056 1871 1217 1956 flamines,

202 1959 308 2025 Salios
330 1961 538 2047 virginesque
552 1959 702 2024 Vestales
725 1958 895 2043 omnisque
917 1959 1023 2043 partis
1043 1959 1217 2042 religionis
1230 1977 1254 2015 2⁰

147 2061 182 2111 Ξῖ
203 2050 319 2114 statuit
343 2049 553 2114 sanctissime.
590 2045 762 2113 Sacrorum
786 2051 895 2111 autem
913 2047 1058 2130 ipsorum
1078 2048 1218 2134 diligen·

202 2138 284 2202 tiam
302 2137 476 2220 difficilem,
495 2139 689 2221 apparatum
707 2135 895 2220 perfacilem
914 2157 985 2200 esse
998 2135 1117 2220 voluit3
1135 2157 1217 2201 narn

201 2254 229 2307 p.
252 2229 301 2308 ea]
334 2248 416 2310 quae
443 2225 654 2310 perdiscenda
681 2245 826 2308 quaeque
855 2224 1058 2288 observanda
1084 2221 1217 2311 estsent,

202 2315 307 2380 multa
320 2313 504 2397 constituit,
527 2313 584 2378 sed
602 2335 640 2377 ea
659 2313 727 2376 sinc
745 2313 890 2396 inpensa.
925 2309 979 2376 Sic
996 2312 1217 2397 religionibus

202 2403 345 2469 colendis
378 2424 511 2487 operam
539 2401 675 2484 addidit,
708 2404 851 2464 sumtum
878 2401 1031 2484 removit,
1062 2400 1218 2485 idemque
1232 2417 1256 2457 2⁵

202 2494 374 2574 mercatus,
396 2490 490 2554 ludos
514 2511 688 2573 omnesque
711 2488 925 2554 conveniundi
947 2510 1062 2553 causas
1080 2493 1115 2552 et
1133 2491 1219 2555 cele

203 2579 341 2644 britates
368 2578 501 2642 invenit.
548 2577 671 2652 Quibus
699 2578 795 2641 rebus
818 2577 979 2641 institutis
1002 2577 1044 2641 ad
1066 2577 1219 2644 humani-

202 2671 305 2732 tatem
332 2669 431 2750 atque
459 2665 740 2730 mansuetudinem
766 2665 933 2730 revocavit
960 2667 1087 2730 animos
1110 2666 1219 2732 homi·

202 2778 280 2820 num
308 2754 424 2819 studiis
448 2753 592 2818 bellandi
614 2753 680 2817 iam
703 2753 854 2816 immanis
877 2774 916 2818 ac
937 2752 1034 2819 feros.
1079 2751 1134 2819 Sic
1156 2755 1219 2820 ille

150 2916 154 2922 ,
202 2872 229 2923 p.
249 2845 298 2925 70]
314 2865 399 2936 ,cum
430 2841 733 2926 undequadraginta
766 2863 867 2906 annos
900 2839 1037 2928 sumlma
1066 2842 1102 2906 in
1133 2857 1258 2928 pace⁸⁰

202 2930 436 3014 concordiaque
459 2929 662 3016 regnavisset
685 2927 874 3013 (sequamur
897 2929 982 2993 enim
1004 2930 1220 3014 potissimum

202 3019 376 3104 Polybium
398 3022 557 3101 nostrum,
580 3040 644 3102 quo
661 3039 757 3081 nemo
775 3017 839 3081 fuit
856 3018 892 3082 in
910 3018 1114 3102 exquirendis
1133 3023 1221 3085 tem·

201 3108 337 3188 poribus
366 3106 580 3193 diligentior),
610 3107 748 3171 excessit
776 3127 793 3170 e
821 3106 891 3170 vita
918 3106 1042 3170 duabus
1070 3109 1221 3192 praecla-

205 3195 342 3260 rissimis
375 3195 416 3259 ad
448 3195 696 3259 diuturnitatem
724 3193 773 3258 rei
798 3194 948 3278 publicae
975 3195 1072 3260 rebus
1099 3198 1221 3262 confir-

203 3282 311 3365 matis,
334 3282 493 3368 religione
516 3287 618 3366 atque,
637 3282 817 3346 clementia
1235 3299 1261 3341 as

271 3367 359 3444 Quae
383 3393 456 3435 cum
474 3368 581 3454 Scipio
601 3369 743 3453 dixisset,
766 3369 901 3454 Verene,
923 3370 1031 3454 inquit
1049 3371 1221 3458 Manilius,

203 3458 266 3522 hoo
293 3458 467 3522 memoriae
495 3458 660 3541 proditum
688 3461 752 3541 est,
781 3456 949 3540 Africana,
978 3480 1090 3544 regem
1111 3460 1220 3525 istum

150 3341 194 3464 a
