2630 3890
358 189 425 246 LIB.
444 190 479 246 Π.
500 172 576 246 ῠΑῬ.
594 197 709 248 ¹sr--ca
728 197 743 257 s
762 197 912 246 ree-143.
1072 189 1135 254 243

129 333 1191 497 ttfflltlfflhtlnlrthltlutttllta

129 509 292 596 cogitanti
309 510 419 576 subito
438 531 510 576 sum
529 511 617 576 risus
635 531 780 576 emersus
799 532 817 576 e
835 511 975 577 flumine.
1004 509 1140 576 Inerant

129 599 220 664 anim
246 597 281 662 in
307 598 477 682 utriusque
503 602 653 664 nostrum
681 599 799 664 animis
822 599 1031 685 vigilantium
1052 599 1140 684 eogi-

102 686 294 751 stetionum
311 687 461 772 vestigia.
492 687 540 751 Aa
558 686 716 771 quaedam
734 687 887 752 adiuncta
905 691 990 772 sunt,
1008 690 1045 752 ut
1059 687 1141 752 mihi

130 775 171 838 de
196 779 407 840 monumento
430 774 539 860 Marii,
569 775 645 859 tihi,
674 776 760 859 quod
785 797 901 859 equus,
928 775 964 840 in
991 797 1054 859 quo
1079 795 1139 862 ego

130 862 286 947 schahar,
313 884 439 928 meeum
461 885 526 928 una
548 863 712 928 demersus
736 885 848 928 nnsus
869 863 1032 948 apparuit
1072 863 1127 928 An
1142 879 1192 928 141

131 954 169 1016 tu
197 973 309 1017 =censes
336 952 441 1016 ullsm
469 973 569 1016 anum
601 955 671 1026 tem
696 951 833 1016 deliram
860 951 1006 1016 futuram
1031 951 1141 1036 fuisse,

129 1043 171 1104 ut
186 1040 323 1104 somniis
342 1039 495 1123 erederet,
517 1039 582 1104 nisi
599 1039 664 1104 ista
681 1061 759 1105 casu
776 1061 843 1105 nen
859 1061 1038 1124 numquam
1055 1039 1142 1104 farte

80 1131 254 1192 <rotemero
269 1128 519 1193 concurrerent?
547 1127 732 1193 Alexandro
752 1128 849 1194 draca
867 1129 957 1212 loqui
974 1127 1063 1192 visus
1083 1131 1142 1193 est.

132 1215 248 1281 Potest
280 1216 413 1281 omnino
440 1216 503 1280 hoe
530 1237 600 1280 esse
625 1216 760 1300 falsum,
791 1219 901 1301 potest
927 1237 1054 1300 rerum3
1086 1215 1143 1281 sed

132 1307 244 1368 utrum
271 1307 337 1389 est,
365 1325 433 1368 non
461 1307 512 1368 est
539 1304 702 1390 mirabile3
730 1325 797 1369 non
824 1303 910 1368 enirn
938 1303 1063 1370 audivit
1084 1304 1142 1368 ille

133 1392 306 1458 demonem
329 1392 526 1476 loquentem,
546 1392 605 1457 sed
623 1396 678 1456 est
700 1392 789 1458 visus
809 1392 927 1477 audire,
950 1393 1143 1477 etquidem,

133 1502 198 1565 qno
221 1480 325 1545 maius
349 1480 406 1564 sit,
433 1501 506 1545 eum
526 1479 669 1545 radicem
692 1502 749 1545 ore
770 1484 909 1564 teneret,
932 1481 1060 1546 locutus
1081 1484 1142 1546 est.

92 1590 120 1631 rs
134 1567 198 1634 Sed
217 1568 302 1633 nihil
325 1571 376 1634 est
398 1590 554 1655 magnum
577 1568 762 1634 somnianti.
797 1567 925 1644 Quaero
942 1573 1063 1654 autem,
1084 1591 1143 1635 cnr

133 1657 320 1722 Alexandro
353 1660 422 1721 tam
448 1657 587 1722 inlustre
614 1657 789 1741 somnium,
818 1661 888 1722 tam
914 1662 1052 1742 eertum,
1083 1679 1143 1724 nee

133 1744 210 1810 huia
226 1745 331 1810 eidem
350 1745 441 1829 alias,
459 1766 518 1811 nec
536 1745 641 1810 multa
658 1745 788 1829 ceteris3
810 1745 892 1809 mihi
911 1746 1039 1830 quidem
1051 1767 1143 1832 prae·

134 1837 187 1898 ter
198 1833 261 1899 hoa
273 1833 457 1898 Marianum
470 1833 554 1898 nihil
567 1855 654 1918 sane,
669 1833 756 1920 quod
769 1834 979 1898 meminerim.
1006 1833 1141 1900 Frustra

133 1921 237 2008 igitur
268 1924 478 2006 consumptae
509 1925 562 1986 tot
592 1925 704 1987 noctes
736 1925 806 1986 tam
837 1923 938 2008 longa
964 1921 999 1986 in
1027 1926 1143 1988 aetate.

85 2030 119 2104 ‘aa
133 2008 228 2076 Nunc
252 2009 381 2093 quidem
402 2012 537 2095 propter
558 2010 831 2078 intermissionem
853 2009 992 2075 ferensis
1016 2031 1134 2096 operae
1145 2025 1194 2076 142

134 2101 168 2162 et
194 2096 434 2164 lucubrationes
458 2097 583 2162 detraxi
605 2101 639 2164 et
661 2098 903 2164 meridiationes
926 2098 1048 2183 addidi,
1076 2099 1143 2184 qui-

133 2187 195 2252 bus
214 2187 263 2251 uti
282 2189 378 2250 antea
395 2207 462 2250 non
480 2186 635 2270 solebam,
657 2209 716 2252 nec
733 2190 803 2250 tam
820 2187 962 2252 multum
980 2187 1142 2252 dormiens

133 2275 203 2340 ullo
227 2274 353 2339 somnio
378 2295 449 2340 sum
473 2274 671 2358 admonitae,
693 2275 796 2339 tantis
818 2275 1011 2360 praesertim
1035 2276 1073 2340 de
1096 2295 1143 2340 re·

133 2364 209 2445 bus,
230 2383 290 2428 nec
312 2361 394 2426 mihi
416 2361 521 2447 magis
544 2385 698 2447 umquam
721 2363 845 2447 videor,
870 2384 967 2447 quam
989 2385 1063 2428 eum
1086 2367 1143 2428 aut

93 2470 120 2511 ss
133 2451 169 2516 in
189 2451 262 2516 fero
284 2450 499 2537 magistratus
523 2456 580 2516 ant
602 2451 637 2515 in
659 2452 748 2517 auria
766 2455 916 2516 senatum
933 2449 1037 2535 video,
1061 2472 1143 2516 som-

133 2561 232 2604 mare.

201 2627 333 2692 Etenim
361 2623 415 2714 (ex
438 2627 594 2692 divisione
617 2627 679 2693 hoa
701 2627 876 2693 seeundum
900 2624 964 2712 est)
985 2649 1070 2716 quae
1094 2630 1144 2691 est
1154 2631 1195 2696 69

135 2715 336 2781 continuatio
360 2715 607 2800 coniunctioque
628 2717 779 2798 naturae,
803 2737 910 2800 quam,
932 2718 970 2780 ut
993 2715 1067 2797 dixi,
1090 2737 1144 2781 vo-

134 2807 210 2870 eant
230 2802 454 2888 συμπάθειαν,
476 2804 661 2890 eiusmodi,
683 2808 721 2869 ut
742 2804 938 2869 thensaurus
959 2823 999 2868 ex
1018 2825 1079 2868 ovo
1098 2803 1144 2868 in-

93 2911 120 2951 eo
134 2891 249 2978 tellegi
266 2892 404 2957 debeat?
427 2893 513 2958 Nam
532 2892 647 2958 medici
666 2915 705 2958 ex
724 2890 919 2976 quibusdem
932 2891 1030 2956 rebus
1044 2895 1077 2956 et
1090 2892 1145 2957 ad-

133 2979 295 3046 venientis
318 2984 351 3045 et
374 2981 546 3046 arescentis
570 2981 702 3046 morbos
724 2981 930 3066 intellegunt,
952 3001 1018 3044 non
1036 2980 1144 3046 nullas

134 3068 235 3133 etiarn
256 3067 452 3134 valetudinis
476 3068 744 3156 significationes,
770 3072 809 3133 nt
831 3067 894 3134 hoc
915 3068 1033 3153 ipsam,
1055 3069 1145 3153 pleni

134 3156 279 3223 enectine
298 3156 409 3239 simus,
428 3179 466 3221 ex
485 3157 625 3240 quodam
644 3178 759 3242 genere
778 3156 979 3222 somniorum
996 3156 1145 3244 intellegi

133 3267 231 3330 posse
250 3244 369 3310 dicunt.
401 3243 607 3310 Thensaurus
626 3267 703 3310 vero
719 3249 753 3310 et
766 3244 931 3311 hereditas
946 3248 979 3310 et
992 3244 1097 3310 henos
1112 3249 1145 3310 et

92 3332 272 3399 arietaria
300 3335 333 3398 et
361 3333 467 3397 multa
494 3333 622 3420 generis
651 3333 792 3398 eiusdem
821 3355 886 3418 qua
912 3355 984 3398 cum
1009 3334 1143 3400 somniis

132 3421 277 3488 naturali
299 3421 494 3508 cognatione
516 3421 716 3506 iunguntur?
750 3422 878 3486 Dicitur
896 3421 1036 3506 quidam,
1062 3444 1135 3488 cnm
1147 3435 1196 3484 143
1212 3417 1238 3454 ·’

131 3510 168 3576 in
191 3509 314 3575 somnis
338 3510 508 3596 complexu
529 3508 669 3574 Venerio
692 3509 894 3596 iungeretur,
917 3511 1059 3576 calculos
1082 3509 1144 3576 eie·
