2610 3894
181 142 225 208 96
493 142 543 196 DE
561 141 715 197 NATURA
732 141 888 197 DEORUM

183 311 245 374 qua
273 291 307 354 at
334 288 495 372 eontinet,
522 286 590 352 sive
617 286 700 350 illud
727 287 855 352 aridum
878 291 928 353 est
951 288 1020 354 sive
1043 289 1200 375 umidum,
1296 319 1297 346 i

183 377 269 461 quod
291 378 428 462 recepit,
451 380 488 440 ut
510 376 544 440 id
567 376 690 440 mutari
712 378 746 439 et
768 375 927 460 concoqui
949 377 1069 461 possit,
1097 399 1199 462 eaque

181 469 253 530 tum
277 464 485 550 astringitur,
507 468 578 528 tum
600 465 767 528 relaxatur
789 467 888 548 atque
911 486 1016 550 omne,
1039 467 1126 550 quod
1150 487 1201 531 ao·

183 555 281 638 oepit,
313 554 403 639 oogit
431 555 464 616 et
491 552 674 635 confundit,
701 555 740 616 ut
764 551 862 618 faoile
890 556 924 618 et
951 553 1074 639 oaloro,
1102 575 1200 639 quem

182 643 323 707 multum
353 640 468 724 habet,
500 643 534 705 et
559 640 694 705 terendo
722 640 795 706 cibo
823 644 856 705 et
883 645 1053 724 praeterea
1080 643 1201 728 spiritu
1216 657 1241 702 s
1298 708 1299 722 χ

183 732 294 796 omnia
322 733 415 796 ooota
442 732 540 813 atque
567 729 716 794 oonfeota
737 729 773 793 in
794 729 957 813 reliquum
979 751 1096 815 oorpus
1121 731 1201 797 divi·
1298 739 1299 816 J

129 819 174 886 55
184 820 311 884 dantur.
356 816 396 882 In
418 818 629 903 pulmonibus
653 820 764 882 autem
785 817 873 882 inest
895 817 1015 883 raritas
1040 819 1201 903 quaedam
1296 819 1299 840 ‘'

183 912 217 973 et
245 905 405 972 adsimilis
434 905 580 992 spongiis
608 904 780 971 mollitudo
803 906 844 970 ad
866 905 1083 971 hauriendum
1107 907 1201 993 spiri·

183 999 255 1061 tum
287 994 471 1080 aptissima,
504 994 560 1078 qui
591 997 664 1058 tum
694 1016 728 1060 se
758 993 956 1060 contrahunt
985 995 1201 1080 adspirantes,
1299 1014 1300 1070 l

182 1089 254 1148 tum
276 1083 312 1148 in
333 1083 497 1168 respiratu
520 1083 668 1166 dilatant,
691 1085 729 1147 ut
746 1082 934 1167 frequenter
953 1083 1090 1149 dueatur
1107 1085 1200 1150 cibus
1215 1102 1243 1142 1⁰
1299 1075 1300 1110 ³

132 1186 182 1236 137
198 1172 364 1256 animalis,
392 1193 457 1255 quo
485 1171 626 1236 maxime
654 1172 787 1235 aluntur
810 1171 1001 1236 animantes.
1046 1171 1097 1238 Ex
1119 1173 1202 1238 inte

184 1260 279 1326 stinis
307 1263 417 1325 autem
450 1263 594 1325 secretus
626 1282 646 1324 a
677 1259 804 1343 reliquo
836 1260 908 1324 cibo
937 1281 1032 1326 suous
1059 1261 1102 1344 is,
1136 1283 1201 1344 quo

185 1349 315 1433 alimur,
343 1352 515 1434 permanat
542 1348 583 1413 ad
609 1349 698 1414 ieeur
720 1369 779 1432 per
801 1347 958 1432 quasdam
981 1369 1002 1414 a
1023 1349 1130 1415 medio
1153 1349 1202 1414 in-

183 1437 305 1503 testino
328 1458 431 1522 usque
454 1437 496 1502 ad
517 1439 631 1521 portas
654 1435 770 1501 iecoris
794 1433 855 1521 (sie
873 1436 960 1502 enim
979 1436 1201 1524 appellantur)
1300 1469 1301 1472 ¹

184 1526 299 1592 ductas
322 1529 356 1590 et
378 1526 524 1590 derectas
547 1525 627 1609 vias,
650 1546 733 1610 quae
755 1524 921 1609 pertinent
940 1524 981 1589 ad
999 1526 1087 1591 ieeur
1105 1526 1201 1611 eique
1216 1540 1242 1583 1⁵

185 1614 371 1680 adhaerent.
421 1613 531 1698 Atque
563 1612 637 1678 indo
670 1613 753 1677 aliae
785 1613 848 1678 otio
879 1613 1081 1697 pertinentes
1114 1618 1202 1699 sunt,

184 1725 244 1788 per
271 1724 352 1787 quas
380 1702 468 1768 eadit
494 1702 585 1768 eibus
616 1701 764 1767 aieoore
788 1701 943 1786 dilapsus.
988 1701 1041 1768 Ab
1065 1724 1103 1767 eo
1126 1703 1202 1768 oibo

186 1813 259 1856 oum
283 1794 334 1856 est
353 1795 477 1857 secreta
494 1790 571 1856 bilis
591 1791 685 1875 eiquo
703 1809 843 1874 umores,
867 1789 922 1873 qui
940 1811 958 1854 e
976 1791 1108 1856 renibus
1127 1814 1202 1877 pro

184 1878 374 1964 funduntur,
384 1879 511 1963 reliqua
521 1877 802 1964 seinsanguinem
812 1881 944 1943 vertunt
954 1878 996 1943 ad
1005 1878 1201 1965 easdemque

185 1970 299 2052 portas
322 1967 437 2033 iecoris
461 1967 636 2051 confluunt,
659 1967 701 2032 ad
720 1988 800 2051 quas
820 1987 932 2031 omnes
951 1967 1020 2032 eius
1038 1968 1111 2033 viae
1129 1991 1202 2054 per·
1216 1987 1242 2026 πο

184 2055 307 2140 tinent3
329 2077 387 2141 per
411 2077 492 2140 quas
514 2057 626 2140 lapsus
650 2056 741 2120 oibus
759 2054 795 2119 in
812 2054 875 2120 hoe
893 2055 966 2140 ipso
984 2057 1056 2122 looo
1074 2057 1110 2120 in
1128 2078 1203 2122 eam
1302 2087 1303 2106 κ

185 2165 311 2228 renam,
335 2165 418 2229 quae
440 2165 521 2209 aava
543 2143 737 2228 appellatur,
760 2142 969 2209 confunditur
986 2166 1109 2230 perque
1127 2167 1202 2210 eam

186 2231 229 2297 ad
257 2253 313 2298 oor
343 2232 508 2297 confectus
535 2232 603 2296 iam
630 2236 803 2315 coetusque
830 2232 1025 2317 perlabitur,
1058 2256 1078 2298 a
1104 2234 1201 2299 eorde
1302 2309 1303 2312 Ἴ

187 2323 297 2386 autem
324 2320 360 2384 in
388 2323 496 2384 totum
518 2341 635 2405 eorpus
659 2319 865 2384 distribuitur
886 2341 945 2405 per
967 2342 1067 2386 venas
1091 2322 1202 2388 admo·

3 2483 4 2490 ἵ
187 2409 265 2475 dum
301 2409 422 2473 multas
458 2408 494 2473 in
525 2430 637 2473 omnes
668 2410 781 2494 partes
813 2407 958 2494 eorporis
989 2410 1201 2493 pertinentes.
1215 2426 1241 2468 2⁵

3 2525 4 2558 l
136 2508 186 2559 138
201 2495 304 2574 Quem
337 2497 377 2561 ad
410 2496 542 2561 modum
575 2500 685 2561 autem
715 2496 871 2580 reliquiae
903 2496 968 2562 eibi
995 2497 1202 2582 depellantur

187 2591 258 2651 tum
294 2585 553 2670 astringentibus
586 2606 620 2650 se
651 2584 829 2674 intestinis,
865 2587 937 2649 tum
968 2585 1202 2671 relaxantibus,

187 2675 275 2741 haud
304 2695 382 2739 sane
412 2673 543 2737 difficile
571 2673 660 2739 dictu
688 2676 752 2756 ost,
782 2673 840 2737 sed
860 2676 971 2738 tamen
994 2678 1202 2758 praetereun-

188 2765 265 2830 dum
295 2766 358 2846 est,
386 2783 428 2827 ne
456 2761 533 2847 quid
560 2762 682 2827 habeat
710 2761 954 2827 iniucunditatis
978 2763 1093 2828 oratio.
1138 2763 1202 2830 Illa

187 2852 297 2937 potius
331 2851 507 2935 explicetur
537 2849 737 2915 incredibilis
769 2848 895 2915 fabrica
925 2854 1075 2916 naturae:
1112 2851 1200 2918 Nam
1214 2869 1240 2911 ao

188 2962 271 3025 quae
300 2939 419 3024 spiritu
444 2939 481 3004 in
507 2939 676 3024 pulmones
705 2938 813 3002 anima
836 2938 977 3024 ducitur,
1005 2961 1044 3005 ea
1066 2940 1201 3007 ealesoit

187 3029 330 3114 primum
352 3028 425 3112 ipso
445 3029 487 3092 ab
506 3027 632 3112 spiritu,
655 3026 768 3091 deinde
787 3026 980 3112 contagione
997 3029 1201 3114 pulmonum,

187 3139 228 3180 ex
260 3136 361 3201 eaque
393 3138 469 3201 pars
502 3115 647 3180 redditur
677 3114 881 3200 respirando,
913 3138 990 3200 pars
1020 3117 1202 3203 coneipitur

188 3203 295 3270 eordis
318 3208 411 3288 parte
435 3205 583 3289 quadam,
607 3225 702 3288 quem
725 3204 941 3270 ventriculum
964 3203 1070 3270 oordis
1092 3208 1202 3292 appel-

187 3295 267 3376 lant,
290 3291 343 3357 oui
365 3292 480 3357 similis
505 3293 589 3357 alter
612 3292 783 3358 adiunctus
807 3295 866 3376 est,
887 3293 923 3357 in
946 3314 1043 3378 quem
1066 3295 1200 3380 sangnis
1214 3307 1240 3352 aa

187 3405 209 3446 a
230 3380 336 3446 ieoore
359 3403 418 3462 per
440 3403 556 3447 venam
578 3381 670 3446 illam
688 3402 802 3447 cavam
819 3380 936 3446 influit.
971 3381 1085 3467 quue
1103 3384 1201 3450 modo

186 3491 228 3536 ex
250 3467 302 3533 his
325 3468 475 3553 partibus
499 3473 533 3535 et
556 3469 687 3551 sanguis
709 3490 889 3555 personas
911 3469 947 3533 in
969 3490 1065 3534 omne
1083 3493 1201 3556 eorpus
