2528 3880
207 117 274 183 282
567 120 617 175 DE
635 121 684 176 RE
702 119 859 176 Possnlca

207 267 330 349 natam,
347 267 424 350 post
443 269 552 330 autem
571 265 613 330 ab
631 264 767 330 Eudoxo
785 263 910 349 Cnidio,
933 265 1103 351 discipulo,
1120 269 1156 330 ut
1171 264 1207 328 fe

207 354 316 436 rebat,
337 351 501 437 Platonis,
529 355 664 419 eandem
685 353 779 418 illam
802 354 901 418 astris
925 355 1110 439 stellisque,
1137 374 1207 437 quae

207 468 235 520 p.
250 443 298 522 oo]
318 441 408 506 caelo
423 441 639 525 inhaererent,
658 439 737 529 eslse
752 442 962 527 descriptam
985 442 1077 508 cuius
1091 463 1207 507 omnen

207 533 360 594 ornatum
383 532 417 593 et
439 529 688 614 descriptionem
712 534 876 615 sumptam
895 531 936 595 ab
950 529 1087 596 Eudoxo
1106 529 1207 595 multis

207 617 302 682 annis
325 621 401 703 post
423 639 489 683 non
513 618 711 704 astrologiae
735 618 883 701 scientia,
911 618 969 683 sed
990 619 1121 704 poetica
1143 636 1226 702 quar

208 706 283 770 dam
305 704 462 770 facultate
484 706 632 771 versibus
655 706 795 771 Aratum
819 706 982 772 extulisse.
1014 705 1088 773 Hoc
1110 711 1208 772 auten

209 793 366 879 sphaerae
390 815 501 880 genus,
524 794 645 879 inquo
670 795 749 860 solis
773 799 806 860 et
828 795 925 860 lunae
947 798 1057 860 motus
1076 795 1208 861 inessent

77 907 80 916 ·
209 887 242 946 et
269 903 380 947 earum
409 883 549 966 quinque
578 883 762 968 stellarum,
790 905 872 968 quae
900 888 1047 948 errantes
1070 887 1104 948 et
1126 881 1207 968 quasi

209 990 312 1122 {stt
334 971 920 1142 resalutaturum
942 972 1207 1143 :llttltll
1216 1073 1234 1112 1.

206 1173 235 1225 p.
254 1148 302 1227 so]
325 1145 523 1230 Archimedi,
547 1146 633 1231 quod
657 1148 884 1234 excogitasset,
907 1169 1004 1232 quem
1027 1149 1069 1213 ad
1086 1149 1206 1213 modun

206 1233 242 1298 in
264 1233 493 1298 dissimillimis
516 1235 660 1299 motibus
684 1235 907 1320 inaequabiles
926 1239 960 1302 et
977 1237 1087 1302 varios
1106 1257 1206 1302 cursus

206 1325 353 1386 servaret
378 1344 445 1386 una
471 1323 648 1388 conversio.
688 1323 783 1389 Hane
810 1325 982 1409 sphaeram
1006 1323 1122 1389 Gallus
1144 1346 1206 1390 curn

206 1413 365 1494 moveret,
391 1410 505 1495 fiebat,
531 1414 568 1476 ut
595 1411 658 1476 soli
685 1411 764 1478 luna
791 1413 930 1478 totidem
952 1413 1206 1478 conversionibus

205 1498 241 1561 in
264 1519 337 1563 aere
358 1498 428 1582 illo,
451 1502 531 1583 quot
554 1499 666 1564 diebus
689 1500 725 1564 in
747 1501 819 1586 ipso
840 1501 940 1585 eaelo,
963 1501 1153 1585 succederet,
1172 1513 1233 1564 ex1⁵

205 1608 270 1669 qno
299 1589 332 1651 et
358 1586 393 1650 in
421 1588 538 1670 [caelo]
569 1588 709 1673 sphaera
731 1589 811 1654 solis
834 1590 928 1654 fieret
950 1589 1064 1654 eadem
1086 1589 1143 1654 illa
1162 1588 1206 1651 de

205 1673 303 1740 sectio
323 1678 356 1740 st
373 1675 529 1741 incideret
547 1677 715 1743 lunatum
733 1677 768 1743 in
786 1699 859 1743 eam
877 1681 1008 1762 metam,
1032 1699 1114 1763 qnae
1131 1679 1206 1741 esset

206 1764 322 1829 umbra
344 1767 460 1848 terrae,
483 1787 555 1830 oum
579 1765 630 1830 sol
653 1787 671 1830 e
694 1766 826 1852 regione
850 1816 858 1832 .
882 1816 889 1832 .
913 1815 921 1832 .
944 1816 952 1832 .

348 1886 434 1968 [Octo
450 1889 659 1972 propinastis
680 1911 702 1954 o
723 1890 815 1955 Maio
837 1890 1074 1974 desiderantur]

152 1954 235 2081 {³⁵1³-
253 1995 300 2074 a]
369 2042 456 2059 ....
478 1993 556 2078 fure,
587 1994 673 2078 quos
701 1998 734 2060 a
756 1995 826 2081 ipse
849 1994 1204 2083 hominem·diligebam

206 2086 240 2146 et
267 2080 303 2144 in
333 2081 448 2166 primis
480 2082 568 2166 patri
599 2104 672 2147 meo
702 2081 806 2163 Paulo
838 2084 1015 2169 probatum
1045 2088 1078 2151 et
1107 2098 1231 2150 cerunt⁰

204 2169 306 2234 fuisse
333 2191 558 2256 cognoveram.
598 2170 733 2235 Memini
758 2194 811 2237 me
837 2171 1012 2238 admodum
1036 2174 1202 2239 adulescen·
1247 2215 1248 2284 ,

203 2258 286 2342 tulo,
308 2279 382 2323 eum
404 2261 499 2344 pater
520 2258 555 2322 in
573 2257 762 2324 Macedonia
785 2260 898 2326 consul
917 2265 1004 2326 esset
1023 2266 1058 2327 et
1075 2279 1202 2328 essemus
1247 2285 1248 2328 ῑ

203 2345 240 2410 in
262 2346 393 2430 castris,
420 2347 607 2431 perturbari
629 2347 807 2412 exercitum
828 2351 980 2414 nostrum
1002 2350 1157 2437 religione
1177 2350 1203 2411 et

204 2438 304 2517 metu,
327 2434 414 2519 quod
436 2456 550 2500 serena
571 2439 666 2500 nocte
685 2435 794 2501 subito
812 2436 954 2502 candens
973 2441 1007 2503 et
1025 2439 1123 2524 plena
1138 2438 1204 2501 luna

204 2522 384 2588 defecisset.
424 2521 508 2587 Tum
534 2523 605 2609 ille,
631 2545 705 2589 oum
733 2525 861 2610 legatus
883 2529 999 2590 noster
1022 2530 1110 2591 esset
1131 2535 1229 2590 annos

203 2639 231 2690 p.
252 2613 299 2691 oo]
326 2609 394 2675 fere
423 2615 512 2692 ante,
539 2611 545 2696 Ι
572 2632 670 2695 quam
693 2612 815 2700 consul,
830 2616 880 2677 est
903 2613 1102 2686 declaratus.
1129 2610 1204 2678 haud

203 2698 367 2763 dubitavit
384 2698 542 2783 postridie
559 2700 671 2784 palam
688 2699 723 2763 in
741 2699 858 2765 castris
877 2701 992 2767 docere
1004 2702 1132 2768 nullum
1145 2720 1204 2766 esse

203 2785 403 2872 prodigium,
430 2786 527 2871 idque
555 2791 589 2851 et
614 2791 686 2852 tum
712 2786 837 2854 facturn
865 2810 936 2854 esse
960 2793 994 2854 et
1017 2791 1114 2856 certis
1137 2793 1203 2854 tem·

203 2873 338 2958 poribus
371 2895 441 2940 esse
474 2895 600 2959 semper
631 2874 792 2961 futurum,
824 2898 898 2942 oum
931 2877 982 2942 sol
1013 2877 1062 2943 ita
1089 2879 1202 2944 locatus

203 2961 333 3046 fuisset,
362 2966 400 3026 ut
428 2962 540 3028 lunam
570 2985 628 3027 suo
659 2963 781 3029 lumine
807 2987 875 3030 non
901 2969 1015 3051 posset
1045 2967 1229 3052 attingere.³⁰

203 3048 270 3113 Ain
296 3049 449 3114 tandem?
476 3050 584 3134 inquit
606 3050 749 3137 Tubero,
777 3053 890 3118 dooere
917 3053 981 3119 hoc
1006 3058 1135 3139 poterat
1155 3052 1201 3116 ille

203 3136 351 3201 homines
382 3160 486 3222 paene
518 3142 665 3223 agrestes
696 3143 729 3204 et
762 3141 848 3226 apud
877 3141 1049 3226 imperitos
1078 3141 1203 3208 audebat

203 3223 283 3290 hoec
306 3225 432 3290 dicere?
460 3225 493 3292 S.
512 3224 573 3290 Ille
596 3249 673 3314 vero
697 3231 731 3290 et
753 3250 874 3314 magna
897 3229 1029 3314 quidem
1052 3253 1198 3296 cum...

241 3347 318 3427 [ch
339 3347 430 3412 Maio
453 3349 533 3413 duae
554 3352 721 3414 minimum
738 3353 876 3434 popinae
897 3353 1042 3418 videretur
1063 3355 1174 3433 deesse]

150 3445 230 3514 241).
251 3437 297 3514 ⁷1]
327 3454 421 3516 neque
447 3433 600 3523 inlsolens
629 3439 807 3504 ostentatio
834 3461 940 3523 neque
970 3442 1077 3508 oratio
1100 3440 1232 3507 ather-o
