2630 3890
402 107 468 164 ΜΒ.
488 108 509 164 1.
529 107 605 164 cAP.
624 115 737 164 ac-ac.
758 115 773 174 s
792 112 905 164 so-so.
1090 107 1153 172 177

147 250 379 338 significare
402 256 579 338 possunt3
602 255 643 317 at
664 273 786 336 neque
803 274 880 317 non
897 250 1068 338 diligunt
1084 273 1155 318 nos

148 338 252 426 (sunt
279 340 379 405 enim
401 339 569 406 benefici
588 340 796 427 generique
814 339 1008 405 hominum
1028 337 1154 426 amici)

146 450 268 512 neque
290 428 475 514 ignorant
498 450 553 513 ea,
576 450 671 514 quae
695 429 740 494 ab
763 428 861 513 ipsis
880 428 1099 494 constituta
1117 431 1155 493 et

148 516 353 604 designata
389 519 491 602 sunt,
526 538 649 601 neque
684 520 820 582 nostra
855 516 956 581 nihil
988 516 1155 581 interest

119 605 248 671 ⁵soire
285 627 340 689 ea,
377 626 472 689 quae
508 609 695 670 eventura
730 610 833 689 sunt,
869 602 1024 690 (erimus
1057 605 1156 670 enim
1228 667 1233 673 .

148 693 357 778 cautiores,
386 693 418 757 si
446 691 624 779 sciemus)
651 715 772 778 neque
799 693 870 758 hoc
898 693 1065 758 alienum
1093 693 1156 759 du-

148 785 240 847 cunt
269 781 475 846 maiestate
503 803 571 846 sua
597 778 711 868 (nihil
734 784 793 846 est
816 781 917 846 enim
938 781 1156 846 beneficen-

148 868 205 934 tia
241 867 522 956 praestantius)
559 891 680 954 neque
714 891 790 934 non
825 873 989 955 possunt
1024 870 1156 935 futura

148 979 415 1043 praenoscer03
437 980 512 1024 non
533 957 657 1044 igitur
674 961 764 1022 sunt
783 957 905 1024 dinco
923 958 1156 1044 significant
1175 971 1209 1020 83

109 1064 135 1103 ιο
148 1046 294 1132 futura3
317 1049 406 1111 sunt
424 1050 550 1111 autem
570 1047 618 1130 di;
638 1045 870 1132 significant
889 1067 993 1132 crg03
1013 1049 1050 1110 et
1067 1067 1155 1130 non,

149 1133 182 1199 si
205 1135 450 1220 significant,
472 1135 602 1200 nullas
626 1133 709 1200 vias
733 1134 824 1199 dant
843 1134 955 1200 nobis
974 1135 1020 1200 ad
1039 1135 1157 1220 signi-

147 1221 351 1289 ficationis
387 1223 591 1289 scientiam
627 1219 791 1309 (frustra
823 1222 922 1287 onim
954 1223 1157 1308 significa·

147 1309 262 1398 rent),
288 1333 369 1396 nec,
392 1311 426 1376 si
448 1311 540 1376 dant
561 1311 659 1396 vias,
681 1333 756 1376 non
779 1314 838 1376 est
860 1310 1071 1396 divinati03
1098 1315 1158 1376 est

148 1399 273 1486 igitur
295 1397 508 1465 divinatio?

109 1505 135 1546 1⁵
215 1487 286 1553 Hac
313 1487 439 1553 ratione
467 1492 500 1553 et
527 1485 727 1573 Chrysippus
756 1490 789 1552 et
815 1486 979 1573 Diogenes
1007 1459 1211 1587 111Α1111ν3894

149 1578 243 1662 pater
272 1575 385 1641 utitur.
432 1575 516 1653 Quid
548 1579 597 1640 est
627 1576 743 1662 igitur,
774 1598 831 1641 cur
864 1575 1078 1640 dubitandum
1106 1576 1157 1659 sit,
1202 1605 1203 1608 ¹

150 1664 229 1749 quin
251 1664 317 1728 sint
341 1685 392 1748 ca,
421 1685 502 1748 quac
525 1663 703 1749 disputavi,
726 1663 910 1748 verissima,
935 1664 964 1728 si
986 1663 1070 1729 ratio
1094 1687 1157 1730 me-

149 1752 332 1837 eumfacit,
355 1752 384 1818 si
406 1756 530 1837 eventa,
553 1753 582 1816 si
603 1752 725 1838 populi,
749 1752 778 1817 si
800 1753 959 1836 nationes,
982 1752 1011 1817 si
1034 1751 1158 1838 Graeci,

150 1841 179 1905 si
207 1840 352 1926 barbari,
382 1840 411 1904 si
438 1841 589 1906 maiores.
605 1840 703 1906 etiam
730 1841 849 1924 nostri,
879 1841 908 1906 si
936 1841 1073 1926 denique
1096 1841 1158 1908 hoc

10 1913 18 1936 ³
110 1947 136 1986 20
150 1951 276 2015 semper
297 1928 346 1994 ita
367 1932 520 2014 putatum
543 1932 601 2014 est,
624 1929 653 1994 si
676 1929 795 1994 summi
816 1929 1013 2014 philosophi,
1037 1929 1066 1994 si
1083 1935 1158 2014 poi-

149 2021 213 2102 tae,
231 2017 260 2082 si
278 2017 510 2102 sapientissimi
523 2017 595 2102 viri,
615 2017 671 2102 qui
683 2039 735 2082 res
749 2016 897 2103 publicas
911 2017 1157 2102 constituerunt,

151 2106 206 2190 qui
235 2106 331 2172 urbes
360 2105 594 2172 condiderunt?
631 2105 698 2190 An,
728 2105 804 2170 dum
827 2105 950 2172 bestiae
973 2106 1158 2191 loquantur,

151 2198 387 2279 exspectamus,
418 2193 587 2260 hominum
614 2193 836 2259 consentiente
864 2194 1058 2260 auctoritate
1085 2217 1158 2260 con·

150 2281 236 2346 tenti
256 2304 322 2347 non
344 2283 477 2347 sumus?
514 2280 583 2348 Neo
604 2303 681 2348 vero
706 2282 878 2367 quicquam
896 2283 985 2348 aliud
1003 2281 1157 2365 adfertur,
1176 2293 1211 2344 85

111 2385 137 2428 2⁵
151 2391 209 2436 cur
235 2391 286 2453 ea,
316 2391 397 2455 quae
426 2371 510 2455 dico,
540 2369 705 2435 divinandi
733 2391 852 2456 genera
874 2371 966 2436 nulla
988 2370 1068 2454 sint,
1095 2370 1159 2434 nisi

152 2458 238 2543 quod
261 2456 390 2523 difficile
411 2459 500 2525 dictu
517 2459 654 2542 videtur,
677 2480 759 2542 quae
778 2459 931 2542 cuiusque
949 2457 1158 2524 divinationis

151 2545 245 2631 ratic,
269 2568 350 2630 quae
373 2569 470 2613 causa
493 2546 544 2612 sit.
581 2545 665 2623 Quid
688 2546 773 2612 enim
791 2545 892 2612 habet
908 2547 1079 2630 haruspex,
1102 2567 1159 2611 cur

150 2635 262 2721 pulmo
294 2635 415 2701 incisus
448 2635 547 2701 etiam
576 2633 611 2700 in
637 2633 732 2700 honis
760 2635 842 2700 extis
872 2634 1004 2700 dirimat
1029 2637 1158 2719 tempus

151 2727 184 2788 et
206 2721 352 2808 proferat
374 2724 480 2789 diem?
504 2722 581 2808 quid
604 2743 716 2808 augur,
738 2744 796 2787 cur
817 2745 837 2788 a
860 2723 973 2787 dextra
991 2743 1115 2806 corvus,
1139 2744 1159 2788 a

109 2828 137 2868 so
151 2811 284 2877 sinistra
315 2812 426 2877 cornix
457 2812 557 2877 faciat
588 2812 720 2876 ratum?
756 2811 834 2895 quid
866 2810 1066 2896 astrologus,
1102 2830 1159 2876 cur

151 2900 248 2965 stella
265 2899 354 2965 Iovis
378 2903 435 2965 aut
452 2899 589 2965 Veneris
613 2899 784 2965 coniuncta
805 2921 879 2964 curn
902 2899 980 2964 lunc
1003 2899 1044 2963 ad
1067 2902 1158 2964 ortus

150 3010 324 3142 puerorum
354 2988 512 3067 salutaris¹
538 2987 594 3071 sit,
624 2984 757 3052 Saturni
785 2986 943 3053 Martisve
973 2987 1159 3053 contraria?

92 3111 94 3114 ·
178 3099 216 3142 ur
247 3078 356 3141 autem
386 3077 464 3140 deus
494 3075 690 3142 dormientes
721 3096 781 3140 nos
809 3079 954 3159 moneat,
985 3075 1159 3162 vigilantes

150 3165 327 3252 neglegat?
365 3161 449 3239 Quid
472 3163 585 3228 deinde
607 3185 723 3230 causae
747 3166 806 3248 cst,
829 3186 885 3229 our
908 3162 1091 3230 Cassandra
1112 3163 1160 3229 fu-

113 3269 139 3310 85
152 3274 226 3318 rens
248 3251 361 3318 futura
383 3251 574 3338 prospiciat,
596 3250 746 3318 Priamus
771 3252 899 3338 sapiens
921 3252 983 3319 hoc
1005 3252 1092 3319 idem
1114 3252 1160 3317 fa·

151 3363 222 3407 cere
255 3363 322 3408 non
352 3341 471 3425 queat?
512 3337 577 3405 Cur
605 3341 665 3406 fiat
695 3339 847 3425 quidque,
877 3341 1015 3426 quaeris.
1059 3340 1160 3406 Recte
1179 3353 1213 3403 86

153 3429 296 3514 omnino,
324 3429 380 3494 sed
406 3450 472 3494 non
498 3450 583 3494 nunc
609 3428 644 3494 iu
671 3427 793 3515 agitur3
825 3429 883 3495 fiat
905 3452 1005 3496 necne
1027 3430 1100 3514 fiat,
1127 3427 1162 3493 id

205 3541 259 3584 cro.
273 3542 308 3584 1v
329 3544 348 3583 1.
911 3540 944 3590 12
