2610 3894
376 107 444 166 LIB.
463 110 511 166 111.
538 109 614 166 OAP.
633 117 712 166 a-e.
736 116 752 176 a
771 117 867 167 r-14.
1067 111 1124 174 11]

177 255 322 339 Aspice
341 253 413 319 hoc
431 255 599 319 sublime
618 255 799 338 candens,
818 277 927 339 quem
945 255 1131 321 invocant
1219 299 1222 304 -

704 364 834 408 omnes
857 342 996 409 Iovem.
1078 410 1079 414 ,

110 430 215 507 Quasi
237 453 316 496 vero
340 430 513 515 quisquam
535 434 686 496 nostrum
703 431 805 496 istum
823 432 934 517 potius
954 454 1052 517 quam
1070 430 1129 498 Ca·
1150 449 1180 497 11

110 520 289 605 pitolinum
321 518 433 584 Iovem
472 521 616 604 appellet
653 523 710 585 aut
746 520 810 585 hoc
846 521 1053 606 perspicuum
1087 521 1130 585 sit
1156 588 1158 593 ,

112 612 307 692 constetque
330 608 416 672 inter
439 609 559 692 omnis,
583 629 638 672 eos
662 629 732 673 esse
757 608 847 692 deos,
871 631 952 694 quos
975 609 1037 673 tibi
1055 607 1130 674 Vel-

86 697 196 762 110110
229 695 389 780 multique
421 700 592 781 praeterea
623 718 663 760 ne
697 696 872 762 animantis
902 697 1032 781 quidem
1060 718 1129 762 esse

112 785 301 851 concedant.
348 783 454 850 Grave
483 785 583 849 etiam
611 789 841 870 argumentum
864 785 926 850 tibi
949 786 1129 868 videbatur,

112 874 202 958 qnod
229 873 339 958 opinio
368 872 407 936 de
435 872 485 937 dis
508 873 738 938 inmortalibus
762 876 795 938 et
819 873 964 938 omnium
988 878 1074 939 esset
1097 877 1130 939 et

112 962 233 1028 cotidie
265 964 431 1026 cresceret.
476 959 590 1026 Placet
621 961 725 1048 igitur
756 966 867 1027 tantas
897 983 950 1026 res
978 963 1130 1048 opinione

113 1052 292 1116 stultorum
315 1049 460 1132 iudicari,
482 1049 576 1115 vobis
599 1049 802 1134 praesertim,
826 1051 881 1134 qui
899 1050 977 1115 illos
995 1052 1129 1116 insanos

73 1157 99 1195 1⁰
113 1161 186 1205 esse
214 1138 352 1203 dicatis?
397 1137 445 1202 At
473 1137 559 1202 enim
586 1138 767 1223 praesentis
795 1139 942 1203 videmus
971 1139 1062 1223 deos,
1093 1144 1171 1210 ut5

113 1227 202 1313 apud
225 1227 392 1313 Regillum
410 1226 607 1310 Postumius,
629 1226 665 1290 in
686 1223 813 1291 Salaria
831 1225 998 1312 Vatinius,
1020 1228 1128 1293 nescio

113 1316 194 1401 quid
216 1316 317 1380 etiam
340 1315 379 1380 de
401 1313 580 1380 Locrorum
603 1314 689 1398 apud
708 1313 847 1401 Sagram
870 1315 1004 1400 proelio.
1041 1314 1130 1391 Quos

112 1405 217 1491 igitur
244 1408 282 1468 tu
304 1403 507 1488 Tyndaridas
536 1404 741 1488 appellabas,
768 1403 802 1467 id
829 1407 880 1467 est
902 1402 1050 1469 homines
1073 1405 1129 1470 ho

20 1517 21 1534 ,
113 1494 201 1558 mine
224 1495 334 1576 natos,
357 1495 390 1556 et
414 1514 495 1576 quos
518 1491 694 1574 Homerus,
718 1491 774 1575 qui
796 1513 907 1556 recens
931 1493 972 1556 ab
996 1492 1129 1557 illorum

75 1600 100 1640 15
115 1585 224 1648 aetate
250 1580 327 1664 fuit,
357 1582 504 1665 sepultos
533 1601 603 1645 esse
627 1579 705 1645 dicit
728 1578 983 1664 Lacedaemone,
1014 1603 1069 1646 eos
1093 1586 1130 1646 tu

115 1669 292 1736 cantheriis
320 1668 405 1734 albis
427 1669 527 1733 nullis
551 1668 720 1734 calonibus
744 1669 786 1733 ob
809 1669 898 1733 viam
920 1668 1055 1734 Vatinio
1079 1692 1131 1734 ve·

113 1759 203 1824 nisse
232 1757 399 1822 existimas
428 1760 461 1821 et
488 1757 660 1822 victoriam
687 1757 801 1842 populi
828 1756 969 1822 Romani
996 1757 1130 1823 Vatinio

114 1847 235 1934 potius,
258 1845 382 1911 homini
405 1846 537 1929 rusticO,
561 1867 659 1929 quam
677 1845 720 1910 M.
740 1844 868 1929 Catoni,
891 1846 947 1930 qui
969 1850 1041 1911 tum
1061 1851 1131 1912 erat

115 1937 280 2022 princeps,
306 1935 531 2000 nuntiavisse‘?
576 1933 666 2019 Ergo
696 1937 728 1998 et
751 1934 833 1998 illud
856 1934 890 1997 in
914 1935 1017 2019 silice,
1045 1935 1131 2019 quod

75 2043 102 2082 20
115 2024 213 2090 hodie
238 2027 374 2108 apparet
398 2023 484 2108 apud
501 2022 668 2108 Regillum
692 2026 861 2106 tamquam
881 2023 1056 2109 vestigium
1075 2047 1131 2088 uu·

117 2114 228 2200 gulae,
256 2109 403 2177 Castoris
427 2111 502 2196 equi
525 2111 628 2176 credis
652 2112 744 2175 esse?
781 2109 897 2176 Nonne
921 2111 1025 2176 mavis
1049 2112 1131 2176 illud
1152 2131 1184 2178 12

117 2201 255 2284 credere,
275 2200 360 2283 quod
379 2199 512 2284 probari
530 2203 650 2284 potest,
670 2199 795 2264 animos
815 2193 1057 2285 praeclarorum
1075 2201 1132 2266 ho-

116 2291 256 2372 minum,
285 2288 397 2372 quales
420 2288 477 2352 isti
501 2286 707 2372 Tyndaridae
735 2287 881 2371 fuerunt,
909 2288 1037 2353 divinos
1061 2310 1131 2353 esse

116 2382 151 2444 et
170 2382 330 2461 aeternos,
353 2398 452 2460 quam
471 2397 536 2459 eos,
560 2376 616 2460 qui
635 2376 735 2440 semel
754 2376 889 2440 cremati
908 2380 1026 2460 essent,
1046 2377 1132 2461 equi-

75 2484 102 2524 21
115 2471 189 2532 tare
222 2468 255 2530 et
282 2465 316 2529 in
345 2464 411 2529 acie
441 2486 587 2550 pugnare
617 2464 785 2548 potuis'se‘?
818 2468 888 2549 aut,
917 2465 946 2530 si
972 2465 1034 2530 hoc
1061 2465 1133 2529 fieri

115 2554 264 2642 potuisse
287 2553 376 2637 dieis,
399 2553 514 2618 doceas
538 2556 677 2637 oportet,
701 2574 764 2637 quo
786 2553 892 2636 modo,
914 2574 974 2618 nec
991 2553 1131 2618 fabellas

116 2644 221 2709 aniles
240 2641 397 2726 proferas.
419 2641 502 2706 Tum
516 2639 672 2705 Lucilius:
695 2639 749 2704 An
767 2641 838 2724 tibi,
855 2641 972 2725 inquit,
990 2641 1131 2707 fabellae
1152 2657 1184 2706 13

115 2731 290 2798 videntur?
336 2728 452 2796 Nonne
481 2730 521 2794 ab
543 2728 583 2793 A.
606 2729 775 2794 Postumio
804 2729 916 2794 aedem
940 2727 1070 2795 Castori
1099 2735 1131 2795 et

115 2820 244 2886 Polluci
271 2820 305 2883 in
331 2817 403 2884 foro
432 2818 627 2900 dedicatam,
655 2839 763 2882 nonne
791 2822 922 2882 senatus
946 2820 1132 2883 consultum

76 2924 103 2965 ³⁰
117 2909 157 2975 de
179 2906 314 2972 Vatinio
342 2907 453 2973 vides?
490 2905 577 2971 Nam
605 2907 644 2971 de
672 2903 775 2991 Sagra
803 2905 1001 2970 Graecorum
1032 2907 1132 2972 etiam

117 3001 169 3063 est
191 2997 326 3082 volgare
348 2995 570 3081 proverbium,
594 2994 658 3079 qui,
683 3017 764 3078 quae
787 2995 969 3077 adfirmant,
993 2995 1132 3062 certiora

117 3108 189 3152 asse
212 3085 323 3150 dicunt
344 3106 442 3168 quam
459 3085 529 3167 illa,
553 3105 635 3167 quae
655 3084 741 3168 apud
759 3080 905 3169 Sagram.
946 3081 1008 3147 His
1027 3082 1133 3168 igitur

117 3173 306 3240 auctoribus
331 3194 438 3237 nonne
462 3173 558 3237 debes
583 3171 729 3237 moveri?
765 3171 849 3236 Tum
872 3169 984 3237 Cotta:
1014 3171 1133 3237 Rumo-

117 3265 218 3346 ribus,
241 3261 357 3346 inquit,
380 3282 505 3326 mecum
527 3281 669 3346 pugnas,
698 3258 816 3344 Balbe,
840 3281 901 3345 ego
926 3264 1035 3324 autem
1057 3283 1077 3326 a
1099 3264 1132 3325 te

76 3352 262 3418 stationes
286 3349 416 3435 requiro
432 3400 439 3413 .
454 3400 461 3414 .
477 3399 484 3414 .

185 3438 380 3526 Sequuntur,
403 3459 486 3523 quae
508 3437 620 3503 futura
639 3442 722 3503 sunt.
759 3436 913 3523 Effugere
932 3437 1017 3501 enim
1035 3459 1131 3502 nemo
1151 3416 1184 3541 ᾗ,
