2578 3874
203 226 269 292 436
611 227 660 281 DE
678 226 832 282 LEGIBUS

271 369 373 447 Quae
391 393 473 437 cum
491 372 634 456 populo
653 393 824 456 quaeque
841 370 881 435 in
899 371 1078 456 patribus
1093 393 1210 458 agen·

204 467 281 544 tur,
303 460 452 525 modica
475 464 597 525 sunto.

153 557 187 610 11
272 545 466 632 Senatori,
507 549 571 632 qui
607 570 674 613 nec
711 547 850 631 aderit,
886 551 953 612 aut
989 569 1105 613 causa
1141 552 1209 613 aut
1277 541 1278 616 i

204 636 318 721 culpa
340 641 437 722 esto,
458 636 544 702 loco
564 640 720 702 senator
738 640 776 701 et
793 636 902 701 modo
922 638 1046 718 orato,
1069 657 1207 700 causas

204 723 340 811 populi
361 727 501 790 teneto.
1221 742 1232 782 a

270 811 338 877 Vis
356 813 394 877 in
412 812 555 897 populo
574 812 718 878 abesto.
749 811 824 878 Par
840 812 1009 879 maiorve
1027 815 1207 897 potestas
1277 809 1278 824 ³

203 902 292 987 plus
319 901 458 967 valeto.
504 902 576 964 Ast
603 901 694 984 quid
720 901 962 966 turbassitur
983 901 1023 965 in
1046 901 1206 984 agendo,

203 989 310 1054 fraus
338 988 484 1054 actoris
511 992 603 1053 esto.
648 988 892 1055 Intercessor
918 989 974 1053 rei
1001 989 1124 1054 malae
1148 1011 1206 1054 sa-

204 1076 345 1143 lutaris
369 1075 465 1142 civis
489 1080 580 1142 osto.

270 1163 341 1240 Qui
373 1168 501 1250 agent,
537 1164 711 1249 auspicia
742 1169 939 1249 serranto,
971 1165 1109 1251 auguri
1139 1183 1243 1250 pir-1⁶

202 1252 306 1318 blico
324 1257 500 1338 parente,
518 1253 765 1339 promulgata
783 1253 987 1338 proposita
1000 1253 1039 1317 in
1052 1256 1204 1320 aerario
1277 1249 1278 1312 ἶ

203 1342 361 1427 cognita
398 1342 555 1427 agunto,
590 1363 659 1407 nec
694 1341 780 1427 plus
817 1363 927 1426 quam
959 1341 1003 1407 de
1035 1341 1205 1428 singulis
1276 1353 1278 1434 λ

203 1431 317 1495 rebus
336 1430 453 1494 semel
472 1429 715 1512 consulante,
734 1451 811 1494 rem
828 1429 1012 1515 populum
1028 1429 1205 1515 docento,

204 1518 333 1584 doceri
357 1541 376 1582 a
398 1517 699 1603 magistratibus
722 1518 967 1602 privatisque
989 1519 1178 1604 patiunto.

268 1606 484 1692 Privilegia
521 1628 565 1670 ne
601 1605 823 1691 inrogant03
864 1607 907 1671 de
943 1607 1071 1691 capite
1108 1606 1243 1672 civis1⁵

202 1695 279 1760 nisi
305 1717 371 1780 per
398 1694 599 1759 maximum
626 1694 868 1760 comitiatum
896 1695 1086 1778 ollosque,
1110 1717 1204 1780 quos

203 1803 382 1849 censores
410 1781 450 1846 in
477 1782 657 1868 partibus
684 1783 819 1868 populi
846 1783 1051 1866 locassint,
1079 1805 1124 1848 ne
1151 1784 1205 1848 fe-

202 1875 326 1935 runto.

268 1958 415 2024 Donum
450 1981 495 2024 ne
527 1959 709 2043 capiunto
741 1981 834 2024 neve
866 1959 983 2024 danto
1013 1979 1107 2023 neve
1139 1982 1204 2044 pe-

202 2047 317 2111 tenda
332 2067 426 2110 neve
446 2047 611 2132 gerenda
627 2068 721 2110 neve
740 2051 851 2132 gesta
867 2050 1074 2132 potestate.
1087 2045 1204 2122 *Quod
1219 2067 1245 2104 20

203 2134 289 2221 quis
330 2155 457 2198 earum
492 2155 618 2199 rernm
654 2134 869 2221 migrassit,
909 2135 1046 2201 noxiae
1081 2157 1206 2220 poena
1277 2154 1278 2168 ¹

230 2245 271 2288 ar
293 2224 387 2287 esto.

202 2247 224 2309 p
268 2309 455 2377 Censores
476 2309 593 2375 fidem
615 2311 742 2396 legum
766 2311 1030 2395 custodiunt03
1056 2312 1205 2397 privati

202 2400 248 2465 ad
280 2421 343 2465 sos
375 2403 462 2465 acta
490 2399 688 2464 referunto
717 2421 784 2465 nec
813 2421 855 2465 eo
886 2399 1009 2485 magis
1039 2400 1128 2486 lege
1158 2401 1205 2465 li-

202 2487 285 2553 beri
308 2491 430 2552 sunto.
1220 2507 1245 2547 25
1277 2529 1278 2566 ,

268 2573 335 2640 Lex
352 2575 488 2640 recitata
506 2578 564 2640 est.
590 2575 762 2641 Discedere
776 2579 809 2641 et
821 2575 978 2641 tabellam
991 2576 1109 2641 iubebo
1124 2575 1204 2642 dari.
1277 2569 1278 2594 ¹

269 2663 304 2744 Q.
327 2661 430 2738 Quam
456 2664 560 2747 brevi,
586 2664 701 2748 frater,
727 2664 762 2729 in
785 2667 957 2749 conspectu
979 2665 1086 2749 posita
1110 2667 1160 2728 est
1184 2687 1205 2730 a
1277 2727 1278 2730 ,

202 2756 235 2816 te
258 2751 402 2816 omnium
424 2751 675 2838 magistratuum
697 2752 872 2837 discriptio,
896 2753 952 2816 sed
972 2773 1010 2816 ea
1027 2774 1129 2836 paene
1146 2774 1204 2817 no-

202 2845 289 2905 strae
321 2839 476 2924 civitatis,
508 2842 570 2904 etsi
600 2863 619 2904 a
647 2844 681 2905 te
707 2841 841 2925 paulum
868 2841 1013 2905 adlatum
1041 2845 1091 2905 est
1117 2841 1203 2904 novi.

201 2929 249 2994 M.
271 2927 477 3012 Rectissime,
504 2926 635 3012 Quinte,
662 2929 905 3012 animadvertis3
932 2928 1012 2993 haec
1035 2933 1085 2993 est
1108 2928 1203 3012 enim,
1217 2947 1245 2986 so
1277 2941 1278 2974 1

202 3039 299 3101 quam
327 3013 434 3101 Scipio
462 3016 575 3081 laudat
603 3017 638 3081 in
665 3017 730 3082 illis
759 3017 851 3082 libris
879 3021 913 3082 et
938 3039 1036 3101 quam
1063 3017 1203 3082 maxime
1277 3049 1278 3128 ,

201 3104 320 3189 probat
350 3104 618 3189 temperationem
650 3106 697 3170 rei
723 3105 884 3190 publicae,
916 3127 998 3189 quae
1026 3103 1110 3170 effici
1136 3125 1203 3169 non
1277 3155 1278 3162 ,

201 3192 362 3275 potuisset
378 3193 442 3256 nisi
460 3192 521 3258 tali
539 3192 746 3278 discriptione
760 3193 1019 3278 magistratuum.
1055 3191 1142 3258 Nam
1156 3193 1203 3258 sic

201 3277 364 3362 habetote,
386 3280 633 3366 magistratibus
655 3281 768 3365 iisque,
791 3281 847 3365 qui
868 3281 1023 3366 praesint,
1044 3281 1203 3346 contineri
1277 3351 1278 3356 η

201 3387 269 3429 rem
292 3366 464 3451 publicam,
487 3371 521 3433 et
543 3389 582 3433 ex
604 3389 715 3433 eorum
738 3368 968 3453 conpositione,
992 3369 1076 3453 quod
1099 3368 1202 3434 cuius·
1216 3386 1244 3427 ³⁵

203 3472 263 3534 que
286 3452 502 3536 reipublicae
526 3475 626 3540 genus
650 3456 703 3540 sit,
724 3455 881 3541 intellegi.
921 3454 1009 3531 Quae
1031 3477 1083 3520 res
1102 3477 1201 3539 quom

203 3537 439 3622 sapientissime
462 3542 779 3628 moderatissimeque
798 3543 975 3609 constituta
993 3547 1078 3608 esset
1097 3566 1117 3608 a
1135 3566 1202 3609 ma·

151 2719 183 2768 12
