2630 3890
350 99 419 157 arc:
437 103 471 158 ιι.
491 101 568 158 oar.
587 79 700 158 ιιι-ιιι.
720 107 736 168 c
755 107 903 190 ras-rao.
940 70 943 78 ’
1069 103 1134 168 243

124 248 183 310 aut
214 245 324 310 omnia
356 245 448 329 deus,
480 244 566 329 quod
596 245 739 330 negatis,
771 248 829 309 aut
860 245 969 310 omnia
994 247 1134 310 natura?

125 333 367 418 quodquoniam
385 333 467 398 illud
484 333 623 418 negatis,
641 334 704 399 hoo
721 333 903 398 necessario
917 333 1134 399 confitendum

124 425 184 486 est.
215 421 378 486 Naturam
396 425 597 487 autemeam
616 421 696 505 dico,
720 442 784 506 qua
801 442 979 505 numquam
998 421 1124 487 animus
1137 431 1187 482 128

123 509 278 574 insistens
308 509 489 595 agitatione
518 513 551 574 et
580 513 672 574 motu
702 530 772 591 esse
799 530 920 574 vacuus
942 511 1061 594 potest.
1100 509 1134 574 Is

94 619 197 663 scum
225 598 383 684 languore
408 597 553 682 corporis
575 619 634 663 uec
656 597 810 663 membris
832 597 883 661 uti
903 619 963 663 nec
986 597 1134 662 sensibus

122 688 243 772 potest,
265 685 379 752 incidit
400 685 436 750 in
458 685 530 750 visa
551 686 643 750 varia
665 689 698 750 et
720 685 844 750 incerta
862 707 902 750 ex
919 685 1075 770 reliquiis,
1097 690 1135 751 ut

124 773 173 838 ait
193 772 405 858 Aristoteles,
431 773 676 852 inhaerentibus
703 795 815 839 earum
837 795 958 857 rerum,
986 795 1067 858 quas
1089 775 1135 838 vi·

124 862 233 948 gilans
256 862 395 949 gesserit
418 866 475 927 aut
498 861 705 1016 cqgitaverit3
729 884 865 947 quarum
887 862 1134 946 perturbatione

122 951 289 1016 mirabiles
303 949 468 1016 interdum
480 949 609 1016 existen
565 950 760 1035 untspeeies
775 951 989 1034 somniorum
1009 951 1134 1035 quaesi

79 1061 109 1101 ιο
124 1039 190 1104 alia
203 1038 298 1122 falsa,
317 1039 383 1104 alia
396 1059 482 1122 vera,
501 1060 565 1122 qua
578 1042 658 1104 nota
670 1039 941 1122 internoscantur,
960 1036 1042 1104 scire
1056 1060 1133 1103 sane

122 1127 231 1192 velim.
268 1124 303 1192 Si
325 1127 417 1192 nulla
440 1130 499 1211 est,
522 1127 599 1210 quid
621 1127 703 1192 istos
726 1126 921 1211 interpretes
943 1126 1133 1192 audiamus?

123 1215 176 1280 sin
195 1215 366 1300 quaepiam
384 1218 444 1299 est,
463 1236 542 1280 aveo
562 1215 681 1298 audire,
700 1236 782 1299 quae
799 1215 856 1297 sit,
875 1213 931 1279 sed
944 1214 1133 1280 haerebunt.

121 1301 224 1368 Venit
250 1303 337 1369 enim
363 1303 431 1368 iam
456 1303 492 1367 in
519 1304 770 1386 contentionem,
801 1306 911 1367 utrum
938 1302 983 1368 sit
1004 1280 1187 1407 proba-152}

122 1392 236 1476 bilius,
264 1391 383 1475 deosne
405 1391 605 1476 inmortalis,
632 1413 741 1456 rerum
764 1390 908 1456 omnium
931 1393 1135 1476 praestantia

79 1502 109 1544 ιι
124 1481 321 1566 excellentis,
344 1502 536 1547 concursare
558 1481 673 1546 arcum
695 1478 841 1544 omnium
858 1479 1055 1564 mortalium,
1078 1481 1135 1564 qui

122 1568 244 1654 ubique
267 1572 353 1654 snnt,
374 1590 442 1633 non
464 1567 560 1633 modo
583 1568 695 1652 lectos,
718 1589 831 1632 verum
854 1567 954 1633 etiam
977 1569 1135 1654 grabatos
1179 1571 1181 1582 ⁴

123 1660 170 1741 et,
196 1679 270 1722 cum
292 1660 485 1723 stertentem
508 1656 651 1740 aliquem
673 1655 826 1738 viderint,
850 1656 977 1721 obicere
999 1657 1040 1722 iis
1063 1657 1135 1723 visa

123 1745 283 1831 quaedam
300 1750 451 1812 tortuosa
469 1748 501 1810 et
520 1745 666 1829 obscura,
685 1766 767 1829 quae
785 1743 836 1808 illi
855 1744 1002 1809 exterriti
1020 1766 1134 1812 somno

123 1834 165 1898 ad
189 1834 404 1901 coniectorem
423 1855 518 1898 mane
537 1833 691 1916 deferant,
714 1854 757 1896 an
774 1835 892 1896 natura
910 1832 989 1918 fieri,
1012 1837 1050 1898 ut
1068 1856 1134 1900 mo·

77 1945 108 1986 so
121 1922 236 1987 biliter
267 1923 394 1987 animus
428 1921 586 2008 agitatus,
618 1921 704 2006 quod
731 1919 873 2006 vigilans
900 1921 1031 2006 viderit,
1063 1923 1134 1988 dor·

45 2093 47 2096 .
122 2010 227 2076 miens
245 2010 353 2076 videre
373 2010 483 2076 rideat
468 2013 530 2075 tur
561 1973 682 2075 Utrum
699 2009 909 2094 philosophia
928 1971 1067 2096 digniirs,
1086 2033 1134 2076 sa·

123 2120 240 2186 garum
267 2099 498 2201 superstitione
525 2099 591 2163 ista
616 2098 825 2182 interpretari
852 2119 895 2162 an
919 2098 1134 2183 explicatione

121 2188 282 2253 naturae?
308 2191 359 2271 nt,
382 2187 411 2252 si
433 2188 499 2252 iam
521 2187 592 2251 fieri
614 2187 720 2271 possit
742 2207 820 2251 vera
843 2185 1028 2252 coniectura
1050 2209 1134 2254 som·

122 2277 265 2428 nicrum,
292 2237 404 2340 tanien
429 2275 499 2360 isti,
527 2275 583 2360 qui
609 2275 818 2374 profitentur,
844 2295 916 2340 eam
939 2273 1045 2341 facere
1067 2298 1135 2342 non

78 2385 108 2425 es
122 2363 266 2450 possint3
302 2386 341 2429 ex
377 2363 543 2428 levissimo
578 2363 664 2427 enim
696 2366 729 2428 et
760 2362 983 2428 indoctissimo
1017 2385 1133 2449 genere

123 2454 285 2518 constant.
321 2449 422 2517 Stoici
446 2455 555 2516 autem
577 2452 627 2515 tui
649 2454 772 2536 negant
791 2472 986 2535 quemquam
1002 2452 1068 2516 nisi
1085 2473 1134 2518 sa-

123 2539 266 2626 pientem
285 2540 429 2606 divinum
447 2561 517 2604 esse
535 2560 641 2624 posse.
677 2537 879 2624 Chrysippus
899 2539 1028 2623 quidem
1047 2540 1187 2606 divi-130

122 2628 290 2694 nationem
318 2628 430 2693 definit
452 2628 503 2692 his
527 2627 649 2693 verbis:
676 2627 751 2692 vim
775 2631 1073 2713 cognoscentem
1096 2632 1134 2694 et

122 2717 318 2782 videntem
341 2720 379 2781 et
402 2715 662 2801 explicantem
685 2716 811 2802 signa,
834 2737 931 2800 quae
953 2737 973 2780 a
992 2713 1049 2782 dis
1068 2717 1134 2782 ho·

79 2805 292 2870 seminibus
324 2805 622 2890 portendantur,
654 2804 797 2870 officium
828 2806 938 2868 autem
966 2825 1036 2870 esse
1064 2805 1132 2872 eius

121 2915 343 2980 praenoscere,
367 2892 419 2958 dei
437 2914 515 2978 erga
532 2893 680 2958 homines
698 2894 807 2956 mente
826 2913 890 2976 qua
908 2891 975 2957 sint
993 2892 1133 2979 quidque

122 2982 316 3084 significent,
339 3003 434 3066 quem
458 2981 715 3066 admodumque
738 3001 777 3045 ea
798 2983 1012 3132 procurentur
1035 2985 1133 3067 atque

122 3070 301 3157 expientur
342 3068 497 3154 Idemque
530 3070 729 3135 somniorum
760 3069 992 3134 coniectionem
1021 3070 1133 3136 definit

121 3159 185 3225 hoc
212 3159 321 3225 modo:
349 3179 420 3223 esse
446 3156 521 3222 vim
546 3162 764 3223 cernentem
786 3161 824 3223 e
847 3158 1132 3263 explanantem,

80 3264 107 3305 ³5
123 3269 219 3332 quae
247 3270 267 3312 a
289 3247 347 3311 dis
370 3245 591 3311 hominibus
615 3244 924 3332 significentur
915 3267 955 3310 ιιι
977 3249 1133 3314 somnis.

123 3334 206 3412 Quid
235 3335 335 3421 ergo?
365 3335 407 3399 ad
433 3334 515 3400 haec
541 3335 694 3400 mediocri
718 3357 798 3421 opus
823 3338 873 3399 est
895 3337 1067 3419 prudentia
1090 3359 1130 3402 an

121 3424 193 3490 et
183 3422 315 3510 ingenio
342 3423 523 3508 praestanti
549 3427 583 3488 et
611 3423 790 3488 eruditione
817 3422 939 3508 perfect
941 3426 986 3498 a?v
1018 3425 1128 3490 Talem

864 3527 917 3582 16*
