2596 3882
374 136 443 192 LIB.
461 136 584 192 ucAP.
603 144 716 192 11-14.
735 143 750 204 5
770 145 882 196 17-22.
1042 139 1106 204 281

95 281 197 346 triam
230 280 262 345 di
293 279 397 368 nothis
430 302 633 347 communem
661 303 770 347 secum
797 282 965 367 dederunt,
996 284 1037 364 [p.
1057 299 1109 350 220

96 391 172 434 cum
198 371 406 454 praesertim,
437 370 466 434 si
492 370 573 435 haec
598 370 800 456 ignoremus,
829 371 935 436 multa
956 371 1052 436 nobis
1075 375 1108 438 et

97 479 219 543 magua
247 458 429 544 ignoranda
458 457 534 523 sint.
578 457 628 523 Ac
658 480 710 523 me
740 459 883 544 quidem,
912 463 950 523 ut
978 459 1108 524 hercule

97 547 198 610 etiam
230 549 264 611 te
295 547 417 631 ipsum,
448 545 553 630 Laeli,
585 546 754 630 omnisque
786 547 897 612 avidos
929 548 1109 633 sapientiae

67 634 243 720 seognitio
274 634 349 718 ipsc
379 657 488 700 rerum
520 635 799 719 consideratioque
832 636 980 702 delectat.
1026 637 1108 701 Tum
1128 653 1163 700 20

96 722 242 788 Laelius:
269 720 346 787 Non
367 722 512 807 inpedio,
534 723 727 807 praesertim
751 724 905 808 quoniam
926 724 1036 789 feriati
1059 747 1109 788 su·

97 833 186 895 mus3
209 811 265 876 sed
287 832 459 895 possumus
484 811 593 876 audire
615 811 739 895 aliquid
757 834 801 876 an
819 813 921 876 serius
939 813 1108 878 venimus?

96 899 172 964 PH.
194 897 288 963 Nihil
310 903 364 964 est
386 900 490 965 adhuc
514 899 724 983 disputatum,
747 903 788 984 et,
813 898 818 983 Ι
839 895 992 984 quoniam
1017 903 1056 980 [p.
1074 917 1109 966 43
1233 936 1237 946 ·

97 991 150 1052 est
171 987 350 1073 integrum,
381 988 520 1066 libenter
542 987 617 1071 tibi,
644 987 749 1070 Laeli,
776 991 814 1052 ut
837 989 876 1052 de
899 1011 936 1054 eo
961 989 1110 1072 disseras,

57 1095 83 1133 ιο
99 1075 248 1160 equidem
272 1097 468 1140 concessero.
500 1075 538 1140 L.
560 1074 665 1141 Immo
689 1097 766 1140 vero
789 1079 822 1140 te
846 1077 1023 1161 audiamus,
1045 1077 1110 1141 nisi

96 1163 184 1228 forte
212 1163 367 1228 Manilius
398 1164 606 1229 interdictum
639 1163 772 1247 aliquod
802 1164 888 1229 inter
915 1166 995 1230 duos
1024 1166 1109 1230 soles

96 1256 295 1425 {Metti
318 1253 1111 1427 {tttttf'utabtdduafgtldtt

97 1428 203 1512 Laeli,
233 1432 338 1493 artem
365 1428 524 1513 inludere,
553 1429 589 1492 in
615 1450 679 1512 qua
706 1429 847 1513 primum
875 1429 1004 1494 excellis
1031 1429 1110 1515 ipse,

57 1533 85 1575 4⁵
99 1517 214 1582 deiude
244 1517 313 1580 sine
343 1539 408 1601 qua
438 1517 519 1582 scire
549 1538 644 1580 nemo
673 1521 795 1601 potest,
828 1517 905 1601 quid
935 1517 979 1582 sit
1008 1540 1110 1602 suum,

99 1605 180 1688 quid
207 1605 369 1670 alienum?
395 1606 399 1688 Ι
424 1602 487 1669 Sed
514 1604 691 1688 istam015
716 1626 802 1670 nuuc
825 1605 993 1670 audiemus
1018 1608 1058 1687 [p.
1075 1623 1111 1670 44
1174 1675 1178 1681 ,

98 1693 243 1777 Philum,
273 1715 370 1778 quem
396 1694 490 1759 video
520 1692 698 1758 maioribus
724 1692 792 1757 iam
819 1693 858 1758 de
885 1695 982 1758 rebus
1011 1716 1109 1778 quem

98 1804 151 1846 me
177 1784 233 1846 aut
256 1804 353 1865 quam
376 1780 412 1846 P.
434 1781 577 1846 Mucium
600 1780 735 1846 consuli.

165 1869 247 1934 Tum
266 1870 395 1934 Philus:
414 1869 506 1934 Nihil
525 1869 602 1934 novi
619 1869 713 1934 vobis
728 1869 882 1955 adferam,
899 1892 1003 1955 neque
1023 1873 1109 1956 quod
1121 1846 1161 1970 12¹}

57 1977 84 2016 ²0
98 1981 119 2024 a
137 1981 189 2022 me
208 1957 252 2022 sit
271 1958 451 2044 cogitatum
471 1961 527 2022 aut
544 1957 726 2041 inventum,
743 1979 821 2023 nam
838 1959 996 2024 memoria
1014 1963 1108 2026 teneo

99 2045 135 2112 O.
149 2043 328 2131 Sulpicium
343 2045 485 2130 Gallum,
508 2045 740 2130 doctissimum,
759 2050 796 2110 ut
815 2047 914 2131 scitis,
933 2046 1108 2132 hominem,

98 2157 172 2200 cum
194 2134 280 2198 idem
302 2134 365 2199 hoe
387 2134 493 2198 visum
516 2133 676 2198 diceretur
699 2138 733 2199 et
756 2139 841 2199 esset
865 2157 942 2200 casu
960 2137 1046 2221 apud
1064 2137 1108 2201 M.

97 2222 298 2304 Marcellum,
321 2223 376 2306 qui
395 2245 468 2287 curn
487 2244 524 2286 eo
543 2224 655 2288 consul
672 2221 790 2307 fuerat,
808 2223 990 2308 sphaeram,
1010 2247 1107 2309 quam
1129 2271 1132 2277 .

97 2311 140 2378 Μ.
158 2309 306 2375 Marcelli
329 2332 408 2375 avus
432 2310 536 2395 captis
558 2310 562 2394 Ι
583 2307 751 2394 Syracusis
775 2333 813 2375 ex
836 2312 916 2376 urbe
934 2312 981 2376 lo·
1000 2314 1039 2392 [p.
1058 2330 1108 2377 103

57 2416 84 2457 25
98 2398 321 2483 cupletissima
344 2402 442 2482 atque
466 2397 676 2462 ornatissima
698 2399 900 2483 sustulisset,
923 2422 996 2464 cum
1020 2400 1108 2464 aliud

96 2486 181 2552 nihil
204 2509 243 2551 ex
263 2490 357 2551 tanta
374 2487 496 2572 praeda
514 2487 646 2552 domum
664 2508 757 2551 suam
776 2487 1021 2571 deportavisset,
1044 2488 1109 2552 ins·

97 2576 179 2644 sisse
202 2574 354 2660 proferri3
378 2575 467 2640 euius
492 2596 552 2660 ego
572 2573 730 2659 sphaerae
749 2597 822 2640 cum
840 2597 995 2660 persaepe
1013 2598 1108 2661 prop-

98 2668 149 2729 ter
162 2663 350 2728 Archimedi
369 2663 509 2749 gloriam
525 2684 645 2727 nomen
659 2662 830 2747 audissem,
849 2663 988 2747 speciem
1002 2663 1109 2748 ipsam

98 2773 164 2816 non
186 2773 257 2815 sum
280 2755 374 2816 tauto
399 2773 495 2837 opere
518 2750 712 2835 admiratus3
735 2755 806 2815 erat
829 2752 915 2815 enim
935 2751 995 2816 illa
1013 2773 1109 2816 venu-

57 2859 85 2898 00
99 2839 181 2904 stior
209 2843 242 2904 et
268 2839 411 2904 nobilior
437 2840 472 2903 in
499 2840 630 2925 volgus,
664 2861 761 2923 quam
788 2839 830 2904 ab
859 2838 971 2903 eodem
994 2838 1108 2903 Archi-

98 2928 190 2993 mede
221 2927 343 2992 factam
370 2932 525 3011 posuerat
552 2927 586 2991 in
613 2927 736 3012 templo
764 2927 906 2993 Virtutis
933 2927 1107 2992 Marcellus

98 3016 192 3081 idem.
228 3013 291 3080 Sed
313 3020 527 3101 posteaquam
548 3015 552 3100 Ι
573 3015 679 3100 coepit
702 3015 862 3080 rationem
885 3015 980 3080 huius
1001 3018 1041 3096 [p.
1057 3033 1108 3081 104
1127 3031 1162 3078 22

99 3103 206 3190 operis
234 3103 448 3168 scientissime
472 3103 587 3168 Gallus
616 3125 788 3188 exponere,
815 3105 890 3190 plus
916 3104 952 3168 in
979 3105 1038 3169 illo
1061 3102 1109 3170 si-

11 3271 13 3276 ·
99 3192 171 3258 culo
206 3191 342 3278 ingenii,
377 3213 475 3276 quam
506 3191 669 3256 videretur
699 3196 819 3257 natura
849 3192 993 3257 humana
1023 3193 1108 3258 ferre

60 3299 86 3340 es
99 3279 254 3366 potuisse,
276 3279 416 3345 iudicavi
437 3280 546 3344 fuisse.
587 3279 726 3345 Dicebat
749 3281 835 3345 enirn
858 3280 973 3346 Gallus
997 3282 1109 3366 sphee

99 3390 154 3434 rae
176 3368 266 3432 illius
290 3368 425 3432 alterius
449 3368 571 3433 solidae
595 3372 692 3453 atque
714 3369 830 3454 plenae
853 3373 946 3434 vetus
970 3391 1040 3434 esse
1062 3369 1108 3434 in·

97 3460 243 3541 ventum,
270 3460 303 3521 et
331 3479 403 3521 eam
431 3480 450 3521 a
473 3456 609 3520 Thalete
632 3455 760 3522 Milesio
783 3458 926 3543 primum
948 3479 1019 3523 esse
1042 3461 1107 3523 tor·
