2566 3876
206 182 274 247 416
604 181 654 235 DE
672 180 827 236 LEGIBUS

204 325 345 410 Oylonio
370 325 490 390 scelere
513 325 643 410 expiato
666 325 859 411 Epimenide
877 325 972 392 Crete
995 327 1155 392 suadente
1176 327 1222 392 le·

205 419 321 479 cerunt
352 411 576 479 Contumeliae
607 414 720 480 fanum
752 417 785 478 et
816 414 1044 499 inpudentiam
1079 416 1221 481 virtutes

205 503 303 584 enim,
327 523 394 566 non
415 501 497 566 vitia
520 523 708 567 consecrare
732 502 830 568 decet.
876 504 1008 588 Araque
1031 507 1165 569 vetusta
1187 506 1223 568 in

206 590 336 656 Palatio
358 588 473 654 Febris
496 592 530 654 et
552 591 657 654 altera
678 589 836 674 Esquiliis
854 589 961 656 Malae
979 588 1147 657 Fortrmae
1171 592 1223 657 de-

206 683 393 762 testataque
416 678 527 743 omnia
549 678 618 743 eius
641 679 730 744 modi
752 679 952 764 repudianda
973 683 1060 744 sunt.
1097 679 1249 756 Quodne

206 767 360 854 fingenda
386 766 532 850 nomina,
559 764 659 832 Vicae
680 766 783 832 Potae
811 767 921 853 potius
948 768 1100 833 vincendi
1123 773 1223 852 atque

207 855 369 941 potiundi,
398 852 512 919 Statue
535 855 644 919 standi
666 855 924 942 cognominaqne
946 853 1090 922 Statoris
1115 860 1150 921 et
1172 857 1223 921 ln·

207 944 286 1010 victi
311 941 400 1008 lovis
429 963 601 1027 rerumque
631 943 884 1028 expetendarum
907 945 1057 1030 nomina,
1087 942 1222 1029 Salutis,

206 1031 364 1115 Honoris,
396 1029 489 1115 Opis,
521 1028 694 1096 Victoriae.
739 1030 964 1116 Quoniamque
993 1035 1222 1118 expectatione

206 1142 316 1185 rerum
342 1119 502 1184 bonarum
529 1119 668 1206 erigitur
690 1120 832 1203 animus,
859 1123 947 1185 recte
969 1121 1071 1185 etiam
1095 1119 1178 1207 Sper
1202 1139 1260 1187 au

207 1207 358 1274 Calatino
387 1211 575 1273 consecrata
597 1210 657 1272 est.
700 1207 908 1292 Fortunaque
932 1208 977 1273 sit
999 1208 1052 1274 vel
1075 1207 1221 1276 Huiusce

207 1297 272 1362 diei
303 1295 393 1383 (nam
424 1295 515 1361 valet
545 1296 581 1360 in
612 1317 724 1361 omnes
757 1294 839 1383 dies)
871 1297 924 1362 vel
956 1297 1148 1382 Respiciens
1182 1299 1223 1363 ad

208 1407 303 1470 opem
330 1383 497 1449 ferendam
521 1385 574 1449 vel
596 1382 692 1469 Fors,
719 1384 754 1448 in
776 1405 841 1470 quo
864 1385 981 1450 incerti
1002 1407 1098 1450 casus
1123 1386 1223 1473 signi·

206 1475 346 1539 ficantur
372 1473 492 1558 magis,
519 1473 572 1537 rel
594 1471 796 1558 Primigenia
822 1494 843 1538 a
870 1473 1047 1559 gignendo,
1073 1473 1222 1557 †oomes

153 1567 441 1746 1{mnilirierum
467 1648 691 1733 fastorumque
718 1649 843 1714 dierum
870 1650 956 1714 ratio
978 1649 1014 1714 in
1036 1649 1153 1716 liberis
1175 1579 1261 1716 re-1⁵

152 1699 170 1747 2
208 1738 349 1822 quietem
372 1737 482 1801 litium
504 1736 605 1801 hebet
628 1741 661 1800 et
683 1737 878 1822 iurgiorum,
901 1737 1061 1804 inservis
1085 1760 1223 1824 operum

208 1830 241 1890 et
267 1825 432 1909 laborum3
462 1846 542 1910 quas
569 1825 752 1910 conpositio
780 1826 857 1890 anni
884 1823 1032 1892 conferre
1059 1826 1159 1892 debet
1182 1828 1224 1892 ad

207 1913 439 1998 perfectionem
471 1934 606 1997 operum
637 1913 841 1978 rusticorum.
892 1912 985 1990 Quod
1015 1916 1059 1980 cd
1089 1919 1223 2000 tempus
1274 1911 1275 1920 ’

208 2006 245 2066 ut
277 2001 508 2066 sacrificiorum
539 2001 719 2066 libamenta
750 2005 921 2068 serventur
950 2003 1101 2087 fetusque
1128 2026 1224 2090 peco-
1237 2022 1259 2060 2⁰

207 2112 289 2174 rum,
313 2111 396 2174 quae
414 2088 502 2154 dicta
519 2089 554 2152 in
572 2089 645 2175 lege
664 2093 749 2172 sunt,
773 2090 948 2176 diligenter
964 2090 1116 2156 habenda
1134 2091 1222 2157 ratio
1273 2129 1274 2140 κ

207 2178 421 2244 intercalandi
439 2180 504 2261 est3
523 2177 610 2260 quod
627 2177 815 2242 institutum
834 2179 938 2262 perite
955 2201 976 2243 a
988 2177 1099 2243 Numa
1111 2184 1222 2264 poste-

187 2268 331 2356 'riorum
360 2265 551 2351 pontificum
580 2265 789 2351 neglegentia
818 2266 1014 2332 dissolutum
1043 2270 1103 2332 est.
1149 2267 1222 2333 Iam

207 2356 291 2421 illud
316 2377 355 2420 ex
376 2354 538 2418 institutis
561 2353 751 2438 pontificum
775 2358 809 2420 et
830 2354 1040 2440 haruspicum
1060 2377 1130 2420 non
1153 2379 1222 2421 mu·

206 2445 342 2509 tandum
365 2446 425 2524 est,
448 2442 566 2527 quibus
589 2441 707 2507 hostiis
729 2442 965 2508 immolandum
987 2441 1129 2528 quoique
1151 2444 1222 2527 deo,
1235 2459 1258 2501 2⁶

208 2532 285 2616 quoi
307 2531 498 2614 maioribus,
526 2529 603 2614 quoi
625 2530 836 2615 lactentibus,
860 2531 937 2615 quoi
959 2531 1119 2615 maribus,
1143 2533 1223 2616 quoi

206 2619 346 2685 feminis.
390 2619 506 2684 Plures
534 2622 644 2682 autem
668 2618 801 2685 deorum
823 2619 982 2704 omnium,
1008 2619 1132 2706 singuli
1157 2621 1222 2685 sin-

208 2708 360 2794 gulorum
388 2707 570 2772 sacerdotes
599 2709 632 2770 et
654 2707 870 2791 respondendi
891 2707 972 2772 iuris
995 2711 1029 2772 et
1051 2708 1233 2773 conficien-v

208 2797 322 2862 darum
336 2795 532 2880 religionum
545 2794 739 2859 facultatem
753 2795 913 2860 adferunt.
936 2794 1107 2880 Quomque
1116 2795 1221 2861 Veste

208 2884 302 2970 quasi
330 2883 439 2949 focum
465 2883 570 2966 urbia,
595 2886 634 2947 nt
657 2881 780 2949 Graeco
808 2884 939 2949 nomine
967 2887 1019 2948 est
1041 2885 1220 2969 appellata,
1233 2901 1256 2941 ω

208 2973 294 3057 quod
315 2993 376 3038 nos
396 2992 498 3056 prope
516 2971 602 3035 idem
621 2968 789 3056 Graecum,
811 2993 875 3037 noa
892 2972 1146 3056 interpretatum
1165 2995 1221 3038 no·

207 3083 282 3126 men
303 3064 460 3142 tenemus,
484 3059 641 3143 conplexa
663 3059 716 3143 sit,
739 3058 769 3124 ei
792 3060 945 3124 colendae
964 3060 1110 3146 virgines
1129 3083 1220 3146 prae·

207 3149 289 3232 sint,
320 3153 358 3213 ut
390 3147 588 3233 advigiletur
618 3146 747 3212 facilius
781 3146 837 3214 ad.
853 3149 1034 3213 custodiam
1065 3149 1155 3235 ignis
1188 3152 1221 3214 et

207 3237 351 3300 sentiant
379 3236 531 3301 mulieres
559 3238 711 3300 naturam
741 3235 936 3302 feminarum
966 3257 1097 3302 omnem
1125 3239 1220 3304 casti-

206 3329 311 3389 tatem
333 3325 412 3409 pati.
1231 3341 1255 3382 ³⁵

154 3426 188 3475 uo
274 3411 367 3488 Quod
390 3413 536 3496 sequitur
556 3433 643 3497 veru,
666 3434 733 3478 non
751 3413 857 3478 solum
876 3412 918 3477 ad
935 3413 1132 3500 religionem
1150 3436 1219 3501 per—

205 3501 303 3584 tinet,
331 3500 387 3564 sed
410 3501 509 3564 etiam
532 3500 574 3564 ad
596 3500 739 3566 civitatis
763 3505 901 3586 statum,
929 3503 967 3565 ut
990 3502 1061 3566 sine
1084 3502 1140 3587 iis,
1164 3502 1219 3588 qui
