2630 3890
180 97 244 162 256
605 95 655 149 na
673 95 767 150 mro
802 60 805 66 “

179 194 243 324 ret,
271 241 457 306 obstructas
485 261 539 304 eas
566 243 678 324 partes
705 243 739 304 et
761 239 932 304 obturatas
956 261 1026 304 esse
1049 238 1195 326 dicebat3

180 329 304 394 addidit
331 329 430 393 etiam
458 328 683 410 mulierosum3
710 326 744 392 in
768 350 831 411 quo
855 327 1041 392 Alcibiades
1065 328 1196 392 cachin-

128 431 258 482 unum
282 418 400 483 dicitur
422 415 602 480 sustulisse.
641 413 704 480 Sed
726 415 807 481 haec
830 437 869 480 ex
891 416 1096 480 naturalibus
1119 438 1195 481 cau·

180 506 225 571 sis
255 506 337 571 vitia
365 505 456 569 nasci
481 507 633 589 possunt,
663 503 817 589 extirpari
846 507 955 568 autem
985 507 1018 568 ct
1044 505 1194 570 funditus

85 601 87 611 ’
179 594 263 677 tolli,
284 597 323 658 ut
344 593 373 657 is
397 593 480 677 ipsc,
504 592 559 676 qui
583 591 624 656 ad
647 613 686 657 ea
707 614 887 676 propensus
909 591 1022 674 fuerit,
1046 593 1193 658 stantis
1224 613 1241 656 s

180 682 269 747 vitiis
303 685 469 763 avocetur,
500 701 567 744 non
599 682 649 744 est
680 681 714 745 id
745 680 889 764 positum
920 681 954 744 in
985 681 1194 746 naturalibus

180 771 300 854 causis,
324 769 380 834 scd
403 769 438 833 in
459 769 639 850 voluntate,
662 768 779 851 studio,
803 768 982 852 disciplina.
1019 767 1107 843 Quae
1130 769 1194 834 tol-

180 860 294 924 luntur
324 857 447 938 omnia,
479 856 508 920 si
538 857 589 921 vis
616 860 650 920 et
676 860 794 921 natura
823 855 885 920 fati
912 877 952 921 ex
982 857 1193 922 divinationis

181 947 308 1013 ratione
330 945 523 1009 firmabitur.

141 1035 162 1101 6
247 1034 379 1100 Etenim
406 1035 434 1098 si
462 1036 513 1096 est
536 1031 707 1115 divinatio,
735 1032 963 1116 qualibusnam
987 1055 1007 1098 a
1028 1035 1192 1119 perceptis
1208 1056 1261 1096 ro¹

182 1123 262 1188 artis
286 1121 523 1206 proficiscitur?
549 1118 747 1205 (percepta
770 1121 913 1205 appello,
936 1143 1019 1205 quae
1043 1122 1195 1187 dicuntur

183 1210 305 1276 Graece
332 1206 557 1294 θεωρήματα).
598 1207 674 1273 Non
698 1209 783 1274 enim
807 1210 901 1274 credo
923 1211 1015 1274 nullo
1038 1215 1193 1296 percepto

182 1303 239 1363 aut
266 1302 390 1364 ceteros
419 1297 559 1362 artifices
587 1297 711 1362 versari
733 1297 768 1360 in
792 1319 850 1362 suo
874 1320 1020 1381 munere,
1047 1303 1106 1364 aut
1128 1321 1195 1384 eos,

131 1401 162 1449 12
183 1389 238 1471 qui
261 1387 460 1452 divinatione
478 1388 623 1468 utantur,
644 1384 756 1449 futura
773 1386 968 1470 praedicere.
1000 1384 1073 1451 Sint
1091 1387 1195 1472 igitur

182 1476 424 1561 astrologorum
484 1476 614 1558 ereepta
647 1473 744 1538 huius
775 1473 876 1538 modi:
914 1471 965 1538 ‘si
997 1475 1068 1559 quis
1101 1475 1235 1541 verbim

182 1587 279 1630 causa
301 1564 425 1629 oriente
476 1563 604 1627 anicula
625 1565 722 1626 natus
747 1565 807 1645 cst,
828 1562 857 1626 is
880 1562 914 1626 in
936 1564 1020 1626 mari
1041 1586 1108 1629 non
1127 1587 1194 1630 mo·

182 1651 304 1717 rietur?
344 1651 470 1737 Vigila,
498 1650 693 1734 Chrysippo,
721 1672 762 1714 nc
784 1653 876 1714 tuam
899 1672 1044 1734 causam,
1071 1652 1106 1716 in
1129 1675 1195 1737 qua

62 1797 64 1802 .
182 1741 244 1805 tibi
267 1761 340 1805 cum
362 1739 521 1822 Diodoro,
550 1739 680 1803 valente
704 1738 886 1824 dialectico,
913 1761 1033 1824 magna
1054 1741 1193 1807 luctatio

182 1833 242 1912 est,
260 1828 398 1892 deseras.
435 1824 470 1891 Si
493 1827 579 1890 enim
602 1830 653 1890 est
675 1848 797 1910 verum,
820 1827 906 1911 qnod
928 1827 977 1892 ita
1000 1830 1192 1894 conectitur:

183 1916 235 1981 ‘si
257 1916 330 2000 quis
353 1916 476 1980 oriente
495 1913 652 1980 Canicula
673 1917 770 1979 natus
794 1919 853 1999 cst,
876 1916 911 1979 in
933 1916 1017 1980 mari
1038 1938 1105 1982 non
1126 1940 1192 1984 mo
1206 1938 1232 1978 eo
1296 1951 1303 1997 χ

183 2005 307 2088 rietur',
338 2004 421 2069 illud
450 2024 577 2088 quoquc
605 2025 718 2067 verum
746 2005 809 2068 est:
843 2001 893 2068 ‘si
920 2003 1044 2069 Fabius.
1069 2005 1193 2071 oriente
1301 2033 1302 2053 ¹

183 2093 338 2159 Canicula
369 2097 466 2157 natus
499 2095 562 2173 est,
594 2089 714 2155 Fabius
746 2091 781 2156 in
812 2092 895 2156 mari
922 2114 988 2158 non
1015 2093 1192 2160 morietur?
1299 2107 1301 2167 j

182 2181 336 2268 Pugnant
353 2181 456 2266 igitur
474 2180 554 2244 haec
572 2179 658 2242 inter
676 2201 719 2263 sc,
742 2177 880 2244 Fabium
900 2181 1023 2246 oriente
1039 2180 1193 2248 Canicula
1298 2195 1299 2223 ¹

182 2275 297 2336 natum
321 2291 400 2352 esse,
423 2271 456 2332 ct
478 2267 616 2332 Fabium
637 2268 672 2331 in
694 2267 778 2331 mari
800 2269 1010 2353 moriturum,
1038 2273 1071 2334 et
1094 2293 1191 2354 quon·
1296 2259 1298 2335 J

183 2359 249 2424 iam
277 2362 401 2424 certum
428 2356 463 2420 in
489 2355 591 2420 Fabio
619 2355 765 2440 ponitur,
791 2360 907 2421 natum
935 2379 1005 2422 esse
1034 2379 1105 2422 cum
1136 2357 1192 2424 Ca·
1206 2379 1231 2418 aa
1294 2373 1296 2450 j

182 2448 292 2513 nicula
315 2446 447 2529 oriente,
468 2445 547 2510 haec
571 2465 698 2527 quoquc
720 2448 878 2530 pugnant,
902 2449 935 2509 et
958 2467 1028 2510 esse
1047 2444 1192 2525 Fabium,
1292 2489 1294 2534 3

184 2541 217 2601 et
243 2536 278 2600 in
305 2533 388 2599 mari
416 2553 486 2598 esre
509 2531 714 2596 moriturum.
753 2532 843 2618 Ergo
866 2532 947 2598 haec
970 2556 1097 2618 quoque
1121 2557 1191 2600 con·
1291 2539 1293 2617 ξ

182 2623 305 2690 iunctio
333 2625 384 2686 est
412 2643 450 2686 ex
477 2620 749 2706 repugnantibus:
782 2620 842 2685 ‘Et
869 2624 920 2685 est
942 2621 1077 2706 Fabius,
1105 2623 1192 2688 etin
1290 2645 1291 2674 ¹

184 2713 267 2777 mari
289 2710 410 2775 Fabius
437 2708 615 2791 morietur',
643 2707 741 2792 quod,
768 2710 806 2772 ut
832 2710 1035 2794 propositum
1062 2714 1126 2795 est,
1152 2732 1190 2776 nc
1288 2705 1290 2788 l

183 2800 255 2864 fieri
275 2799 404 2884 quidem
422 2800 541 2881 potest.
573 2796 663 2882 Ergo
678 2797 773 2860 illud:
798 2796 967 2863 ‘Morietur
984 2799 1019 2862 in
1037 2799 1121 2864 mari
1134 2797 1189 2864 Fa·
1203 2816 1227 2856 ³⁰

183 2887 269 2953 bius'
293 2909 332 2951 ex
355 2907 393 2950 co
417 2906 534 2971 genere
558 2888 621 2967 est,
645 2884 731 2968 quod
753 2885 822 2948 ficri
845 2907 912 2950 non
934 2890 1053 2971 potest.
1091 2886 1190 2953 Omne
1285 2921 1286 2958 l

148 2998 274 3087 ,erga
298 2973 526 3060 quodfalsum
550 2972 667 3037 dicitur
690 2973 725 3036 in
746 2971 867 3057 futuro,
889 2973 923 3038 id
945 2975 1017 3040 fieri
1038 2997 1105 3040 non
1122 2979 1190 3061 pot
1283 2991 1285 3069 j

136 3103 166 3150 13
186 3068 245 3128 cst.
286 3064 333 3128 At
354 3062 430 3147 hoc,
454 3061 648 3145 Chrysippo,
670 3061 803 3125 minime
825 3061 889 3146 vis,
912 3063 1115 3148 maximeque
1132 3063 1190 3128 tibi
1281 3087 1283 3126 l

187 3151 225 3214 de
248 3151 310 3218 hoc
331 3152 404 3235 ipso
427 3172 501 3216 oum
523 3149 667 3214 Diodoro
691 3153 855 3214 certamen
878 3153 937 3215 est.
972 3149 1034 3216 Ille
1058 3152 1143 3216 cuim
1159 3151 1190 3216 id
1273 3139 1282 3182 l

187 3239 293 3303 solum
315 3238 386 3303 fieri
408 3259 504 3322 posse
528 3237 618 3320 dicit,
642 3237 728 3322 quod
751 3240 809 3302 aut
832 3236 877 3303 sit
899 3259 1012 3303 verum
1031 3242 1088 3304 aut
1109 3239 1188 3305 iutu—
1201 3254 1223 3296 ³⁵
1277 3245 1280 3354 l

187 3347 260 3390 rum
282 3325 326 3390 sit
348 3347 469 3409 vcrum,
492 3329 535 3410 et,
558 3326 710 3411 quicquid
731 3325 877 3392 futurum
901 3327 954 3412 sit,
976 3327 1010 3392 id
1029 3327 1107 3392 dicit
1124 3327 1189 3393 ficri
1275 3355 1278 3408 ι

187 3433 317 3478 necesse
344 3433 414 3478 esse
441 3419 489 3498 et,
517 3413 669 3500 quicquid
695 3437 762 3480 non
784 3415 828 3480 sit
850 3413 1010 3500 futurum,
1040 3415 1074 3479 id
1095 3420 1188 3500 negat
1276 3425 1277 3464 l
