2528 3880
20 91 23 212 ζ
313 113 381 172 LIB.
400 115 447 171 111.
467 114 544 172 ose·
565 122 676 171 17-21.
695 121 710 180 s
729 73 869 170 m-on
1016 112 1080 178 343

19 259 20 264 ’
74 258 207 341 maqno?
242 257 379 324 Stnitnm
395 260 493 342 piane
513 259 632 324 videtne
653 259 745 324 maile
766 277 887 340 maqno.
929 255 1015 323 Unde
1031 259 1080 321 in·

77 347 168 429 teiteqi
193 347 313 412 vambai
337 353 366 412 et
392 368 475 425 enm,
500 349 555 430 qni
580 348 623 412 sit
643 348 742 412 instas
759 366 796 412 ae
817 347 925 423 bonas,
953 345 1080 411 stnitnm

75 451 131 498 esse
151 439 181 498 et
202 455 280 514 enm,
303 436 358 516 qni
378 437 510 517 sapiens,
532 436 667 512 matam·
690 441 719 499 et
741 439 843 499 tomen
864 435 931 499 sine
942 434 1080 514 pernicie

75 521 139 600 fiori
155 541 255 604 posse,
277 527 314 587 nt
334 524 398 588 sint
418 523 556 589 homines
571 527 755 606 paupertate
776 523 915 606 contenti.
1089 569 1133 633 20

49 624 64 664 s
141 611 387 675 Tronscendebat
406 632 476 694 erqo
497 612 541 676 ad
561 612 691 690 maiora,
714 613 749 676 in
770 611 881 693 qnibns
901 629 989 674 nemo
1009 628 1079 690 pos·
1097 646 1132 696 30

74 700 117 760 set
135 696 201 763 sine
218 700 357 781 periente
379 701 459 764 vitae
480 702 580 765 instas
601 719 678 776 esse;
705 699 822 763 dicebat
842 699 941 762 enim:
963 696 1080 779 Nemqe

74 784 196 848 institia
215 791 261 852 est
280 787 434 852 hominem
455 807 518 852 non
540 788 682 864 occidere,
710 787 847 852 alienam
863 804 995 868 qrorsns
1016 804 1080 848 non

74 873 228 954 attinqere.
271 873 354 955 Qnid
379 895 449 958 erqo
475 877 575 940 instns
596 875 702 956 societ,
728 877 758 940 si
776 875 857 955 fonte
877 873 1080 955 nanfraqinm

71 960 179 1038 feeerit
215 966 243 1025 et
276 964 391 1044 oiiqms
422 963 601 1028 imbecillior
632 963 750 1028 ninom
781 963 917 1027 moniam
947 959 1079 1043 ceperit?

35 1066 176 1112 mnonne
198 1049 287 1114 itinm
309 1052 415 1115 tobnia
436 1051 617 1128 deturbati,
646 1056 683 1116 nt
703 1053 768 1134 ipse
788 1050 968 1116 conscendat
988 1068 1081 1130 eoqne

72 1137 168 1201 niens
207 1140 327 1217 evadat,
368 1141 502 1204 noaeime
540 1159 610 1204 cnm
648 1141 691 1204 sit
724 1139 830 1204 mdins
865 1138 963 1202 medio
998 1138 1082 1200 niori

73 1223 180 1290 testis?
225 1223 264 1290 st
297 1227 418 1308 saqnens
453 1233 510 1305 est,
543 1227 651 1308 famem
686 1229 749 1309 ipsi
783 1228 865 1291 enim
890 1227 1105 1308 pernitednm'

72 1318 127 1391 est,
154 1314 221 1378 nisi
245 1313 364 1393 feeerit·
391 1317 420 1380 si
446 1321 548 1380 antem
573 1317 654 1380 mori
679 1315 824 1380 maluerit
849 1335 943 1396 qnam
969 1333 1082 1378 manns

71 1401 190 1481 inferre
216 1400 321 1486 alteri,
347 1405 413 1467 iam
434 1424 504 1468 nero
525 1405 626 1468 instns
647 1404 710 1481 iile,
737 1404 792 1468 sed
812 1404 924 1468 stmitns
945 1407 1000 1480 ost,
1028 1402 1083 1484 qni

34 1505 60 1546 ιδ
72 1491 154 1554 vitae
175 1509 250 1554 snae
271 1510 335 1555 non
350 1496 471 1572 pareat,
493 1493 568 1556 dnm
584 1493 691 1574 parcit
710 1492 837 1556 atienae.
874 1491 955 1555 Item
972 1491 1001 1554 si
1018 1491 1083 1554 acie

71 1598 202 1643 snmnm
222 1578 297 1658 fnso
318 1579 415 1644 hostes
436 1581 556 1661 insequi
578 1580 727 1661 coeperint
743 1584 773 1643 et
788 1579 888 1644 instas
905 1579 958 1643 iiie
974 1582 1083 1642 nactas

70 1666 173 1748 fnerit
193 1666 329 1747 aiiqnem
351 1669 489 1731 saneinm
512 1687 587 1748 eqno
608 1669 802 1743 incidentem,
824 1668 890 1731 eine
905 1670 1025 1750 parcet,
1047 1670 1083 1730 nt

71 1756 136 1836 ipse
158 1755 328 1834 occidente,
355 1775 398 1819 on
420 1757 524 1820 deiciet
545 1775 582 1818 coc
603 1775 690 1836 eqno,
711 1760 748 1819 nt
767 1755 832 1836 ipse
847 1756 949 1837 possit
968 1753 1082 1819 hostem

70 1841 227 1924 effnqere?
249 1844 332 1923 qnod
347 1844 377 1907 si
391 1844 503 1923 fecerit,
526 1843 657 1924 sopiens,
679 1843 828 1908 sedidem
845 1843 955 1920 mains,
972 1843 1002 1906 si
1018 1862 1083 1905 non

32 1932 185 2010 infecerit,
208 1931 318 2014 imstns,
340 1931 394 1995 sed
414 1932 494 1994 idem
515 1931 627 2006 statim
648 1932 691 1996 sit
711 1951 825 1996 neeesse
846 1935 897 1996 est.
937 1929 992 1994 Ita
1014 1949 1082 2012 erqo
1100 1940 1134 1990 sl

69 2019 227 2084 iustitiam
253 2039 323 2082 emm
348 2020 384 2082 in
406 2020 485 2084 dicas
500 2023 608 2100 partes
629 2020 783 2083 divisisset
807 2019 939 2083 aiteram
964 2018 1082 2082 oivciem

70 2127 135 2172 esse
157 2108 270 2184 dieens,
292 2107 424 2171 aiteram
445 2107 628 2184 naturalem,
650 2112 811 2188 atramque
831 2107 982 2184 snbvertit,
1004 2107 1085 2188 qnod

69 2195 131 2260 iila
153 2195 256 2259 civilis
277 2195 431 2276 sapientie
453 2196 496 2259 sit
515 2196 645 2276 qmidecn,
667 2196 720 2260 sed
735 2196 856 2261 institia
873 2195 1003 2272 nonsit,
1025 2215 1083 2258 na-

70 2283 187 2348 tnroiis
213 2287 317 2347 antem
344 2283 402 2348 iila
426 2283 549 2348 institia
574 2282 617 2347 sit
641 2283 774 2364 quidem
800 2284 855 2349 sed
878 2303 941 2346 non
967 2283 1010 2346 sit
1035 2302 1083 2346 sa·

30 2372 199 2454 amentia.
244 2371 372 2454 Arqnta
399 2370 473 2435 haec
495 2371 589 2451 plane
614 2390 651 2434 ae
676 2376 824 2436 venenata
845 2375 930 2448 snm,
957 2376 987 2434 et
1006 2390 1084 2451 qnae

70 2461 120 2526 M.
145 2459 271 2523 Tniiins
292 2478 356 2523 non
374 2459 510 2540 potneiit
530 2458 679 2539 refellere
701 2479 777 2523 nam
798 2479 868 2524 enm
888 2458 988 2539 faeiat
1005 2457 1083 2522 lae·

71 2549 151 2613 tinm
174 2547 278 2612 ano
299 2547 525 2627 respondentem
541 2566 602 2628 qro
624 2547 802 2628 institiaqne
822 2547 981 2624 dc‘eemtem,
1003 2546 1084 2609 inre·

69 2637 177 2718 fntata
205 2634 279 2698 isaeo
305 2639 463 2715 tamqnam
487 2635 608 2714 foveam
627 2640 872 2716 praeterqressns
896 2638 952 2712 est,
978 2637 1015 2698 nt
1038 2634 1083 2697 oi·

70 2725 182 2790 deatm
204 2723 286 2787 idem
298 2721 427 2786 Laelios
444 2741 507 2786 non
524 2723 707 2801 natnratem,
728 2743 807 2804 qnae
825 2723 860 2787 in
877 2723 992 2786 mimen
1008 2722 1084 2786 stai-
1130 2709 1137 2745 ¹

31 2829 58 2868 ω
71 2813 161 2877 titiae
177 2815 310 2888 venerat,
327 2810 381 2874 sed
399 2809 489 2874 iilam
502 2811 620 2874 oioiiem
632 2811 800 2890 defendisse
812 2810 973 2888 institiom,
991 2829 1085 2891 qnam

69 2900 196 2965 Fmins
216 2898 403 2980 sapientiam
425 2917 487 2962 esse
508 2903 703 2977 concesserat,
725 2899 779 2963 sod
798 2899 957 2963 iniustam.
992 2894 1083 2979 (Loc-

70 2989 201 3052 tantins'
215 2988 286 3052 inst.
309 2987 370 3050 dio.
399 2985 431 3050 V
447 2990 497 3050 16.
519 2986 649 3068 5—13.)
1094 3043 1135 3107 21

137 3075 185 3140 In
208 3075 285 3138 tetro
307 3093 425 3156 quoqne
444 3075 482 3138 de
502 3094 536 3138 re
551 3074 678 3154 publiea
700 3075 830 3139 semcndo
851 3074 887 3139 id
902 3074 1005 3154 iqesnm
1022 3094 1073 3138 ner
1103 3121 1136 3170 32
1247 3131 1248 3148 q

69 3165 144 3229 imm
158 3161 265 3229 Oicero
281 3163 376 3244 ponit
395 3182 459 3225 non
481 3166 588 3226 termm
610 3163 838 3226 transeundum.
879 3161 978 3227 Verba
997 3182 1034 3226 ee
1050 3182 1084 3226 eo

29 3267 57 3310 so
70 3253 151 3318 libro
173 3250 249 3316 haee
269 3255 359 3315 snnt:
384 3246 461 3313 Non
478 3270 641 3335 gravarer,
663 3248 764 3332 Laeli,
786 3249 851 3314 nisi
871 3248 982 3314 ethos
1000 3249 1084 3314 velle

69 3343 225 3424 putarem
254 3341 288 3402 et
313 3337 384 3423 ipse
411 3358 561 3422 euperem
584 3339 617 3400 te
641 3359 768 3421 quoque
791 3337 934 3421 aliquam
957 3341 1085 3421 partem

68 3428 169 3493 huius
193 3424 301 3490 nostri
324 3425 483 3490 sermonis
505 3425 681 3510 attingere,
702 3426 895 3510 praesertim
918 3447 991 3491 oum
1014 3424 1084 3489 heri
