2580 3874
175 157 218 221 20
484 155 533 210 DE
552 155 703 210 NATURA
721 153 877 211 DEORUM

173 300 304 365 nionem
328 299 471 386 anquirit
494 299 621 365 animus
645 303 679 365 et
700 298 841 365 formam
864 302 898 364 et
915 299 1004 364 vitae
1023 299 1190 364 actionem

125 441 164 504 18
175 387 358 474 mentisque
381 387 596 472 agitationem
618 389 654 452 in
676 388 744 453 deo.

121 521 156 568 46
242 475 291 542 Ac
314 475 481 542 deforma
504 475 633 560 quidem
655 475 777 561 partim
799 478 918 542 natura
939 495 1000 540 nos
1024 474 1191 558 admonet,

174 565 297 650 partim
324 564 409 630 ratio
437 564 539 629 docet.
584 563 671 630 Nam
699 587 719 628 a
745 567 864 628 natura
890 563 1048 628 habemus
1072 583 1190 627 omnes

175 653 320 719 omnium
344 651 491 738 gentium
509 653 649 738 speciem
666 653 791 716 nullam
810 652 910 717 aliam
928 651 993 716 nisi
1008 651 1190 716 humanam
1226 672 1248 712 5

175 742 322 825 deorum,
352 763 434 826 quae
452 741 548 830 ¹enirn
569 741 677 807 forma
699 741 765 805 alia
787 739 927 805 occurrit
948 761 1104 825 umquam
1127 743 1191 804 aut

173 828 328 917 vigilanti
354 829 504 913 cuiquam
532 833 590 894 aut
616 829 812 895 dormienti?
857 826 921 893 Sed
942 850 983 893 ne
1007 828 1116 892 omnia
1138 850 1190 893 re-

173 921 331 984 vocentur
361 917 403 982 ad
432 918 556 1002 primas
587 917 752 983 notiones:
786 917 871 982 ratio
901 915 964 982 hoc
995 916 1081 981 idem
1112 916 1190 1000 ipsa

121 1025 155 1073 47
175 1006 328 1071 declarat.
372 1003 461 1070 Nam
487 1029 561 1071 cum
588 1005 916 1090 praestantissumam
938 1008 1105 1088 naturam,
1132 1005 1189 1069 vel

174 1093 251 1178 quia
268 1095 366 1159 beata
384 1098 434 1159 est
451 1095 505 1158 vel
522 1093 599 1179 quia
617 1094 823 1179 sempiterna,
846 1092 1017 1158 convenire
1035 1093 1188 1157 videatur
1204 1115 1240 1152 ιο

174 1183 309 1247 eandem
333 1203 403 1248 esse
425 1182 693 1268 pulcherrimam,
716 1203 799 1266 quae
822 1181 1003 1266 conpositio
1026 1181 1188 1245 membro·

173 1293 255 1356 rum,
287 1293 370 1355 quae
402 1271 617 1336 conformatio
645 1270 923 1354 liniamentorum,
955 1291 1038 1354 quae
1069 1269 1187 1355 figura,

174 1382 257 1445 quae
293 1359 416 1445 speeies
452 1359 596 1424 hnmana
630 1362 741 1445 potest
773 1379 843 1422 esse
874 1357 1063 1442 pulchrior?
1115 1357 1186 1422 Vos

174 1449 317 1532 quidem,
345 1447 463 1532 Lucili,
493 1447 606 1513 soletis
634 1445 724 1532 (nam
748 1444 847 1512 Ootta
875 1467 965 1510 meus
994 1445 1090 1510 modo
1114 1445 1186 1530 hoc,

140 1593 143 1598 .
174 1537 270 1602 modo
284 1534 389 1620 illud),
407 1558 480 1600 eum
499 1535 672 1600 artificium
691 1534 848 1620 effingitis
865 1533 1088 1618 fabricamque
1107 1533 1237 1598 divi-15

173 1647 264 1709 nam,
292 1647 390 1709 quam
418 1625 484 1688 sint
512 1624 620 1689 omnia
646 1623 683 1687 in
705 1622 846 1688 hominis
869 1623 977 1709 figura
998 1643 1065 1688 non
1088 1622 1187 1687 modo

174 1713 215 1778 ad
244 1734 353 1796 usum,
381 1734 495 1778 verum
523 1712 621 1776 etiam
648 1711 690 1776 ad
716 1714 923 1777 venustatem
946 1715 1038 1796 apta,
1069 1711 1188 1776 descri-

120 1817 154 1867 48
173 1803 258 1868 bere.
318 1799 440 1876 Quodsi
477 1800 620 1865 omnium
657 1799 872 1864 animantium
907 1798 1049 1864 formam
1082 1799 1188 1864 vincit

174 1889 315 1955 hominis
345 1889 464 1975 figura,
497 1886 575 1952 deus
603 1891 712 1952 autem
739 1888 888 1953 animans
916 1892 981 1972 est,
1013 1907 1052 1952 ea
1077 1887 1188 1973 figura

173 1977 321 2063 profecto
345 1981 405 2061 est,
428 1998 510 2060 quae
532 1975 752 2061 pulcherrima
774 1977 819 2041 sit
837 1976 994 2060 omnium3
1018 1976 1187 2060 quoniam·
1202 1997 1231 2035 ao

174 2088 236 2150 que
259 2065 336 2131 deos
359 2064 566 2130 beatissimos
590 2085 660 2129 esse
683 2068 822 2149 constat,
843 2065 959 2130 beatus
983 2068 1092 2129 autem
1114 2086 1188 2129 esse

175 2154 244 2218 sine
266 2153 390 2217 virtute
412 2175 507 2218 nemo
530 2156 643 2237 potest
664 2174 723 2218 nec
746 2153 850 2218 virtus
874 2153 943 2217 sine
966 2153 1093 2217 ratione
1111 2174 1188 2218 con·

174 2245 261 2306 stare
283 2263 343 2306 nee
365 2241 450 2306 ratio
473 2263 612 2324 usquam
633 2241 739 2306 inesse
761 2241 826 2305 nisi
847 2241 883 2304 in
904 2241 1046 2306 hominis
1069 2241 1186 2326 figura,

120 2345 154 2392 49
173 2329 316 2395 hominis
339 2350 411 2394 esse
433 2329 539 2413 specie
558 2329 635 2394 deos
654 2329 873 2394 confitendum
892 2332 950 2394 est.
986 2328 1055 2395 Nec
1073 2333 1186 2394 tamen

174 2440 213 2483 ea
241 2418 364 2503 specics
391 2439 507 2501 corpus
535 2421 599 2501 est,
631 2416 688 2482 sed
715 2417 809 2500 quasi
835 2439 965 2502 corpus,
996 2439 1056 2482 nee
1083 2417 1229 2482 habetes

123 2509 163 2574 19
174 2507 380 2594 sanguinem,
410 2505 467 2570 sed
496 2505 590 2588 quasi
617 2506 816 2592 sanguinem.
865 2505 956 2570 Haeo
985 2528 1186 2590 quamquam

174 2599 207 2660 et
230 2596 363 2660 inventa
386 2597 462 2658 sunt
485 2593 611 2658 acutius
635 2598 668 2659 et
690 2594 777 2659 dicta
800 2593 952 2658 subtilius
972 2595 1013 2658 ab
1032 2594 1185 2680 Epicuro,

174 2706 273 2768 quam
295 2687 333 2748 ut
356 2682 462 2767 quivis
485 2682 652 2766 capessit
675 2703 859 2768 agnoscere,
882 2685 992 2747 tamen
1014 2681 1119 2748 fretus
1137 2683 1185 2748 in·

173 2772 363 2857 tellegentia
391 2774 501 2836 vestra
528 2769 652 2835 dissero
678 2769 822 2854 brevius,
855 2792 954 2855 quam
981 2794 1080 2836 eausa
1103 2773 1185 2837 desi·

173 2861 275 2925 derat.
319 2859 479 2945 Epicurus
509 2860 630 2942 autem,
657 2858 713 2942 qui
740 2881 791 2924 res
820 2861 964 2924 occultas
992 2864 1025 2924 et
1052 2860 1183 2944 penitus
1198 2879 1225 2919 ³0

174 2947 302 3013 abditas
320 2969 388 3012 non
405 2947 501 3011 modo
521 2946 639 3011 viderit
658 2946 775 3031 animo,
796 2949 852 3012 sed
871 2948 970 3013 etiam
989 2948 1036 3013 sic
1053 2952 1184 3032 tractet,

172 3039 210 3100 ut
232 3057 341 3119 manu,
364 3035 458 3100 docet
482 3056 554 3100 eam
576 3057 647 3100 esse
670 3036 737 3100 vim
759 3040 793 3100 et
810 3038 962 3101 naturam
981 3035 1123 3119 deorum,
1146 3042 1185 3103 ut

171 3123 314 3210 primum
335 3145 402 3189 non
425 3145 530 3207 sensu,
553 3125 610 3189 sed
632 3129 741 3190 mente
763 3128 914 3189 cernatur
936 3147 995 3190 nec
1018 3125 1184 3191 soliditate

173 3211 312 3296 quadam
344 3233 403 3278 nec
431 3209 683 3296 adnumerum,
714 3215 751 3277 ut
779 3234 829 3296 ea,
860 3235 942 3297 quae
969 3213 1027 3278 ille
1049 3217 1185 3300 propter

171 3300 363 3365 firmitatem
386 3299 561 3385 στερέμνια
585 3302 743 3387 appellat3
771 3300 827 3365 sed
849 3301 1048 3387 imaginibus
1071 3301 1184 3367 simili·
1198 3321 1224 3363 aa

171 3389 283 3454 tudine
315 3393 349 3454 et
380 3389 575 3455 transitione
602 3389 764 3475 perceptis
792 3411 865 3454 eum
893 3390 1022 3455 infinita
1049 3390 1184 3456 simillu-

171 3500 299 3544 marum
321 3478 503 3566 imaginum
524 3477 623 3543 series
643 3500 682 3542 ex
699 3477 990 3544 innumerabilibus
1008 3478 1184 3546 individuis
