2526 3880
190 155 255 218 112
501 151 551 205 DE
569 152 723 208 NATURA
739 151 896 207 DEORUM

185 298 220 363 id
246 301 371 382 potest,
401 296 487 381 quod
513 295 661 362 futurum
688 300 747 360 est.
794 294 896 382 Saepe
924 302 1036 363 autem
1058 320 1099 363 ne
1121 298 1222 368 utile.

187 386 317 472 quidem
340 389 391 450 est
415 385 506 470 scire,
531 385 609 469 quid
625 384 773 450 futurum
793 386 850 468 sit,
872 386 1028 451 miserum
1049 390 1099 452 est
1117 389 1206 452 enim

185 475 270 539 nihil
302 473 525 558 proficientem
558 473 637 559 angi
667 495 726 538 nec
757 474 879 538 habere
905 495 947 539 ne
975 475 1046 559 spei
1075 476 1206 561 quidem

186 567 369 628 extremum
383 566 417 626 et
430 565 542 626 tamen
555 583 725 627 commune
740 562 906 644 solacium,
920 564 1117 647 praesertim
1131 587 1205 628 curn

185 672 245 717 vos
267 650 368 714 iidem
385 649 456 714 fato
474 649 546 714 fieri
564 649 680 716 dicatis
699 649 817 734 omnia,
841 650 927 735 quod
946 655 1058 716 autem
1078 674 1206 737 semper
1231 675 1242 713 ε

186 762 227 804 ex
246 739 336 804 omni
355 737 549 803 aeternitate
567 759 680 802 verum
698 737 807 822 fuerit,
830 739 864 802 id
882 759 953 804 esse
971 737 1088 804 fatum.
1122 739 1206 815 Quid

187 827 289 912 igitur
311 826 403 891 iuvat
427 829 484 890 aut
503 825 580 910 quid
599 825 706 890 adfert
725 826 766 890 ad
784 827 964 892 cavendum
983 828 1067 893 scire
1082 829 1206 914 aliquid

187 917 344 998 futurum,
367 936 440 979 cum
463 913 497 977 id
520 917 607 979 certe
628 913 776 979 futurum
800 915 865 980 sit?
902 914 997 980 Unde
1020 938 1121 1001 porro
1139 918 1207 982 ista

188 1003 369 1068 divinatio?
414 1000 494 1077 Quis
517 1002 642 1066 invenit
664 1003 778 1066 fissum
801 1003 940 1069 iecoris?
969 1005 1043 1088 quis
1067 1006 1205 1070 cornicis

188 1095 321 1157 cantum
348 1091 490 1173 notavit,
521 1090 594 1174 quis
625 1089 746 1155 sortis?
779 1091 897 1175 quibus
921 1113 982 1178 ego
1007 1093 1118 1178 credo,
1145 1117 1206 1158 neo
1220 1115 1241 1152 u

188 1200 323 1264 possum
341 1177 416 1242 Atti
434 1177 542 1262 Navii,
567 1200 662 1262 quem
681 1180 969 1264 commemorabas,
993 1181 1114 1246 lituum
1133 1205 1205 1247 con·

189 1272 342 1332 temnere.
389 1265 452 1331 Sed
480 1267 535 1351 qui
563 1267 629 1331 ista
651 1267 821 1332 intellecta
844 1268 924 1351 sint,
955 1291 974 1332 a
996 1269 1206 1355 philosophis

190 1356 292 1421 debeo
330 1355 465 1439 discere,
501 1355 695 1440 praesertim
733 1377 807 1420 cum
843 1357 994 1441 plurimis
1031 1357 1071 1422 de
1108 1359 1206 1422 rebus

139 1460 171 1509 15
191 1444 292 1509 divini
320 1444 376 1508 isti
403 1443 612 1508 mentiantur.
657 1445 705 1507 At
732 1444 848 1508 medici
876 1466 1004 1529 quoque
1032 1444 1096 1531 (ita
1119 1447 1206 1511 enim

190 1529 334 1616 dicebas)
359 1553 455 1615 saepe
477 1531 646 1596 falluntur.
683 1530 768 1607 Quid
791 1532 897 1596 simile
921 1533 1090 1619 medicina,
1114 1536 1204 1599 cuius
1217 1551 1239 1591 1⁵

190 1642 251 1707 ego
279 1619 441 1684 rationem
463 1619 571 1702 video,
600 1624 632 1684 et
656 1620 827 1704 divinatio,
855 1643 937 1705 quae
960 1622 1047 1686 unde
1071 1623 1206 1705 oriatur,

189 1730 257 1774 non
278 1707 459 1793 intellego?
500 1707 550 1772 Tu
573 1713 683 1773 autem
706 1710 805 1774 etiam
828 1708 1003 1773 Deciorum
1027 1709 1206 1776 devotioni-

189 1799 251 1862 bus
274 1797 421 1881 plaoatos
445 1796 522 1861 deos
541 1816 612 1861 esse
631 1818 751 1861 censes.
788 1795 877 1872 Quae
895 1796 960 1860 fuit
979 1819 1092 1862 eorum
1111 1803 1205 1863 tanta

189 1885 355 1968 iniquitas,
378 1888 415 1948 ut
437 1883 562 1968 placari
579 1885 701 1969 populo
720 1885 869 1949 Romano
887 1906 955 1950 non
972 1891 1118 1972 possent,
1141 1888 1205 1952 nisi

189 1974 252 2038 viri
275 1973 360 2037 tales
384 1972 599 2038 occidissent?
646 1971 827 2038 Consilium
849 1973 933 2037 illud
956 1973 1203 2058 imperatorium
1215 1993 1235 2031 20

188 2061 266 2144 fuit,
297 2060 383 2145 quod
410 2059 526 2126 Graeci
554 2057 765 2144 στρατήγημα
794 2061 975 2146 appellant,
1007 2063 1064 2127 sed
1093 2085 1204 2129 eorum

189 2150 438 2234 imperatorum,
462 2148 668 2234 quipatriae
691 2150 911 2234 consulerent,
933 2151 1021 2215 vitae
1044 2173 1113 2216 non
1137 2174 1205 2238 par-

191 2241 314 2322 cerent,
341 2238 499 2302 rebantur
527 2237 613 2302 enim
637 2237 706 2302 iore
729 2241 766 2301 ut
790 2239 950 2302 exercitus
973 2239 1204 2323 imperatorem

190 2348 273 2410 equo
296 2326 433 2391 incitato
453 2347 488 2390 se
506 2325 541 2389 in
558 2325 688 2389 hostem
707 2325 928 2390 inmittentem
947 2333 1204 2413 persequeretur,

112 2475 113 2480 ,
189 2415 223 2479 id
247 2414 333 2498 quod
351 2413 468 2478 evenit.
503 2412 591 2477 Nam
604 2412 709 2478 Fauni
726 2435 839 2479 vocem
858 2414 1008 2498 equidem
1025 2429 1234 2502 numquamb

190 2503 313 2587 audivi3
336 2502 406 2584 tibi,
431 2501 459 2566 si
483 2501 645 2566 audivisse
666 2506 699 2566 te
719 2501 806 2584 dicis,
830 2503 968 2587 credam,
992 2504 1056 2568 etsi
1074 2504 1203 2570 Faunus

151 2591 323 2660 lomnino
347 2590 425 2674 quid
447 2589 491 2654 sit
513 2589 631 2654 nescio.
677 2588 753 2654 Nou
774 2590 877 2676 igitur
900 2591 1018 2676 adhue,
1047 2599 1204 2676 quantum

190 2679 320 2763 quidem
352 2678 388 2742 in
414 2681 448 2742 te
475 2681 539 2761 est,
570 2675 687 2762 Balbe,
714 2678 871 2764 intellego
899 2679 976 2744 deos
1006 2702 1092 2766 esse,
1126 2701 1203 2768 quos

136 2781 171 2829 16
192 2767 341 2850 equidem
373 2764 469 2830 credo
501 2787 586 2849 esse,
618 2767 674 2830 sed
704 2765 787 2830 nihil
816 2767 931 2831 docent
959 2766 1073 2834 Stoici.
1120 2769 1202 2836 Nam

190 2853 380 2938 Cleanthes,
409 2857 447 2918 ut
479 2853 622 2938 dicebas,
655 2858 809 2938 quattuor
841 2855 945 2920 modis
977 2855 1142 2923 formatas
1172 2857 1234 2921 in³⁰

191 2943 308 3008 animis
335 2942 505 3007 hominum
531 2945 628 3026 putat
656 2942 790 3007 deorum
813 2964 883 3007 esse
905 2944 1068 3010 notiones.
1115 2945 1201 3012 Unus

189 3032 218 3096 is
241 3031 357 3095 modus
381 3033 439 3114 est,
463 3030 502 3094 de
526 3051 590 3113 quo
614 3031 695 3095 satis
719 3030 794 3114 dixi,
818 3031 874 3114 qui
897 3035 948 3096 est
972 3038 1145 3119 susceptus
1168 3053 1202 3098 er

189 3118 419 3204 praesensione
442 3139 552 3182 rerum
574 3117 768 3201 futurarum,
792 3119 876 3183 alter
895 3141 934 3184 ex
952 3121 1215 3205 perturbationi,

189 3208 250 3272 bus
273 3209 508 3290 tempestatum
531 3209 565 3269 et
587 3206 720 3289 reliquis
745 3207 897 3290 motibus,
921 3209 1039 3274 tertius
1064 3232 1105 3275 ex
1124 3232 1201 3277 com-

189 3295 348 3360 moditate
366 3315 484 3377 rerum,
508 3315 588 3377 quas
607 3293 813 3379 percipimus,
837 3298 870 3360 et
889 3297 992 3382 copia,
1012 3303 1150 3382 quartus
1168 3305 1231 3361 err⁵

190 3387 355 3449 astrorum
378 3381 490 3446 ordine
513 3382 658 3465 caelique
677 3383 871 3447 constantia.
907 3384 957 3450 De
975 3389 1201 3470 praesensione

189 3471 338 3536 diximus.
375 3469 424 3533 De
442 3469 745 3554 perturbationibus
764 3472 960 3538 caelestibus
980 3478 1014 3538 et
1030 3473 1201 3542 maritimis
