2630 3890
373 159 442 216 ΜΒ.
460 160 482 214 Ι.
508 158 584 214 οΑΡ.
606 165 718 216 ισ-ις.
741 163 890 226 §es-ee.
1070 157 1134 222 157

122 303 288 389 Crassum,
312 304 389 388 quid
411 308 602 383 eventurum
621 306 715 387 esset,
736 302 802 368 nisi
820 302 967 368 cavisset.
1007 300 1060 367 Ita
1078 305 1136 367 eut

122 395 184 459 illa
208 392 411 458 obnuntiatio
434 392 518 457 nihil
536 391 641 458 voluit
659 395 725 475 aut,
749 391 786 475 si,
808 394 846 455 ut
859 389 986 476 Appius
1005 390 1136 474 iudicat,

122 482 243 565 valuit,
265 481 300 546 id
321 480 436 565 valuit,
458 485 497 546 ut
517 482 687 566 peccatum
708 480 843 544 haereat
864 500 931 543 non
952 479 987 543 in
1009 500 1057 564 eo,
1081 479 1137 562 qui

123 567 298 652 monuerit,
321 568 435 634 sedin
457 590 506 653 eo,
529 568 585 652 qui
607 589 674 632 uon
696 567 940 652 obtemperarit.

45 697 47 700 -
96 678 110 718 e
193 656 299 733 Quid?
321 658 423 722 lituus
445 656 509 722 iste
531 659 648 740 vester,
671 656 758 739 quod
776 655 1003 721 clarissumum
1022 657 1072 719 est
1089 654 1136 719 in-
1148 659 1188 723 17

125 747 219 833 signe
243 749 430 832 auguratus,
452 744 537 810 unde
559 744 653 810 vobis
677 747 727 809 est
749 743 913 809 traditus?
949 742 1074 828 Nempe
1098 764 1136 809 eo

124 835 285 900 Romulus
313 834 463 920 regiones
491 832 608 897 direxit
634 835 718 917 tum,
746 854 819 898 cum
846 832 961 901 urbem
985 831 1136 898 condidit.

12 957 13 986 r
126 922 190 999 Qui
213 923 342 1006 quidem
360 921 493 987 Romuli
515 921 627 1005 lituus,
648 920 683 993 id
706 924 756 986 est
777 921 947 986 incurvum
970 924 1002 986 et
1020 919 1138 985 leviter

126 1035 147 1076 a
170 1033 297 1076 summo
320 1010 474 1075 inflexum
496 1009 666 1093 bacillum,
694 1009 781 1094 quod
803 1009 845 1073 ab
870 1009 938 1074 eius
961 1007 1049 1093 litui,
1073 1029 1136 1093 quo

85 1119 112 1158 1⁰
126 1100 269 1184 canitur,
296 1097 508 1163 similitudine
534 1119 653 1163 nomen
679 1096 817 1181 invenit,
844 1117 918 1162 oum
945 1097 1028 1162 situs
1051 1099 1138 1162 esset

12 1249 13 1254 ,
125 1189 161 1253 in
188 1187 278 1253 curia
300 1185 477 1270 Saliorum,
505 1208 587 1270 quae
615 1188 666 1250 est
687 1185 723 1249 in
744 1185 888 1270 Palatio,
919 1207 1020 1270 eaque
1043 1185 1138 1250 defla-

128 1276 302 1363 gravisset,
329 1275 480 1341 inventus
508 1277 558 1340 est
584 1274 721 1359 integer.
766 1272 872 1349 Quid?
900 1273 1014 1339 multis
1043 1272 1136 1338 annis
1156 1289 1189 1338 31

12 1365 13 1372 '
126 1368 204 1451 post
229 1363 404 1429 Romulum
426 1362 538 1428 Prisco
566 1365 724 1448 regnante
746 1360 923 1445 Tarquinio
952 1361 1025 1447 quis
1052 1364 1138 1427 vete·

126 1476 200 1518 rum
224 1452 418 1537 scriptorum
440 1472 507 1515 non
528 1451 683 1535 loquitur,
706 1472 788 1534 quae
807 1450 851 1514 sit
870 1449 911 1514 ab
929 1450 1012 1516 Atto
1031 1449 1138 1516 Navio

86 1560 113 1601 15
127 1563 186 1628 per
204 1541 324 1605 lituum
337 1541 507 1626 regionum
520 1539 609 1604 faeta
623 1538 814 1623 discriptio?
841 1536 904 1613 Qui
917 1561 990 1604 cum
1003 1542 1139 1624 propter

127 1632 353 1716 paupertatem
386 1649 459 1693 sues
491 1649 571 1713 puer
598 1630 759 1712 pasceret,
790 1649 856 1692 una
884 1649 922 1690 ex
948 1627 989 1692 iis
1018 1627 1140 1694 emisse

127 1719 255 1784 vovisse
280 1717 405 1801 dicitur,
429 1716 458 1780 si
475 1718 707 1801 recuperasset,
728 1737 826 1780 uvam
845 1736 879 1779 se
899 1715 957 1780 deo
978 1715 1139 1799 daturum,

11 1815 12 1852 l
129 1829 210 1891 quae
238 1806 380 1870 maxime
407 1807 494 1869 esset
520 1804 556 1869 in
581 1803 689 1888 vinea3
716 1804 827 1887 itaque
856 1824 912 1869 sue
940 1803 1074 1869 inventa
1097 1804 1140 1869 ad

11 1893 12 1952 l
127 1895 296 1960 meridiem
325 1897 474 1979 spectans
497 1893 531 1957 in
554 1891 650 1957 vinea
671 1890 778 1957 media
802 1891 919 1957 dicitur
942 1892 1138 1977 constitisse,

87 2003 114 2041 2⁰
128 2005 264 2067 cumque
291 1983 327 2046 in
354 1986 508 2067 quattuor
534 1981 639 2066 partis
666 1981 796 2046 vineam
823 1980 987 2046 divisisset
1013 1981 1138 2065 trisque

127 2072 232 2157 partis
257 2092 332 2136 aves
356 2070 568 2153 abduxissent,
596 2072 713 2154 quarta
734 2071 843 2154 parte,
867 2090 949 2152 quae
973 2072 1044 2134 eret
1065 2070 1139 2135 reli·

129 2182 202 2244 qua,
219 2159 256 2224 in
273 2159 423 2246 regiones
443 2157 618 2223 distributa
635 2157 780 2222 mirabili
793 2156 1017 2244 magnitudine
1031 2180 1138 2242 uvam,

127 2253 166 2313 ut
188 2248 346 2332 scriptum
368 2247 528 2331 videmus,
549 2246 682 2311 invenit.
727 2244 798 2320 Qus
820 2267 855 2310 re
878 2246 1043 2312 celebrata
1065 2268 1139 2311 cum

127 2336 227 2402 vicini
250 2357 361 2401 omnes
385 2335 427 2400 ad
449 2357 522 2400 eum
546 2334 585 2399 de
608 2335 705 2399 rebus
728 2333 796 2398 suis
819 2333 986 2418 referrent,
1011 2337 1082 2400 eret
1104 2335 1139 2397 in

87 2442 113 2482 ²⁵
128 2422 683 2578 sustulisset}
703 2421 1139 2595 qtoldtlmffllltst
1157 2436 1190 2484 ³2

128 2600 298 2666 scientiam
321 2603 509 2686 auguratus,
532 2599 614 2663 dixit
637 2598 667 2663 ei
689 2598 834 2685 cogitare
858 2619 892 2663 se
916 2597 1083 2682 quiddam3
1105 2597 1139 2663 id

127 2691 280 2775 possetne
303 2689 386 2773 fieri,
414 2687 585 2754 consuluit.
630 2685 692 2751 Ille
716 2686 852 2773 augurio
876 2689 949 2752 acto
972 2707 1069 2771 posse
1091 2707 1139 2752 re·

129 2777 268 2863 spondit.
314 2775 510 2861 Tarquinius
539 2779 648 2841 autem
675 2775 758 2839 dixit
785 2795 819 2840 se
847 2774 1009 2860 cogitasse
1032 2776 1139 2840 cotem

88 2882 114 2922 ³⁰
128 2864 287 2931 novacula
305 2886 401 2950 posse
419 2863 570 2951 praecidi.
606 2862 690 2928 Tum
703 2863 821 2927 Attum
838 2862 972 2928 iussisse
992 2862 1138 2947 experiri.

128 2953 182 3019 Ita
204 2957 310 3020 cotem
332 2953 367 3017 in
389 2953 557 3019 comitium
580 2952 717 3016 allatam
735 2951 938 3035 inspectante
957 2953 991 3015 et
1008 2970 1086 3036 rege
1105 2954 1139 3016 et

128 3037 1083 3216 llllsld{tulitrtislsstmalilllllrl
1101 3043 1140 3193 ll

130 3219 196 3283 suis
226 3219 323 3283 rebus
353 3217 396 3282 ad
424 3239 497 3283 eum
524 3216 667 3282 referret.
713 3213 828 3282 Cotem
855 3218 964 3280 autem
990 3216 1083 3281 illam
1106 3219 1140 3280 et
1158 3229 1192 3277 3³

11 3351 13 3360 .
88 3321 115 3363 8⁵
128 3306 322 3373 novaculam
354 3303 517 3371 defossam
547 3305 582 3369 in
611 3304 744 3370 comitio
773 3325 933 3390 supraque
960 3303 1140 3389 inpositum

128 3395 238 3480 puteal
264 3393 453 3479 accepimus.
498 3392 664 3478 Negemus
688 3391 811 3475 omnia,
834 3393 1061 3459 comburemus
1084 3415 1140 3458 an·

128 3483 229 3570 nales,
251 3482 328 3547 ficta
349 3483 430 3550 haec
452 3502 523 3547 esse
546 3481 700 3567 dicamus,
723 3480 849 3567 quidvis
874 3481 1010 3566 denique
1027 3481 1139 3568 potius
