2596 3882
161 149 227 215 262
593 150 642 204 DE
661 149 756 206 FATO
856 192 858 196 .

161 294 316 360 sescentis
344 294 482 361 saeculis
510 297 586 360 ante
609 295 752 360 dietum?
783 293 830 358 nr
852 293 881 358 si
902 297 974 358 tum
996 314 1063 359 non
1083 297 1171 358 esset

159 405 238 449 vera
259 383 340 449 haee
363 383 557 448 enuntiatio:
586 381 714 468 ‘Capiet
735 381 949 447 Numantiam
973 379 1102 466 Scipio',
1128 401 1170 446 ne

159 472 220 537 illa
251 471 381 556 quidem
408 492 521 536 eversa
547 493 625 537 vera
651 471 809 536 aethaeo
835 469 1030 535 enuntiatio:
1063 467 1171 554 ‘Cepit

159 559 374 625 Numantiam
401 556 529 644 Scipio!
570 558 685 624 Potest
716 559 819 644 igitur
846 558 1018 643 quiequam
1045 556 1171 623 fautum
1292 539 1294 586 ¹

160 670 244 732 esse,
272 648 360 733 quod
380 668 448 712 non
469 669 582 712 verum
602 646 703 712 fuerit
723 647 871 712 futurum
893 646 986 712 asse?
1023 644 1111 711 Nam
1131 649 1199 711 ute

160 737 338 822 praeterita
360 757 400 801 oa
418 756 496 800 vera
514 735 659 819 dicimus,
682 757 821 819 quorum
838 734 1006 820 superiore
1022 737 1171 819 tempore

159 847 238 890 vera
258 824 359 889 fuerit
380 823 552 907 instantia,
580 824 626 889 sio
647 823 771 907 futura,
799 844 938 908 qaorum
960 822 1171 906 consequenti

107 925 141 977 28
160 917 307 998 tempore
329 933 408 977 vera
429 911 493 976 erit
509 912 678 996 instantia,
700 933 740 977 ea
756 933 835 976 vera
851 911 1004 976 dicemus.
1039 907 1118 992 Neo,
1142 910 1171 974 si

160 1023 255 1068 omne
278 1000 481 1066 enuntiatum
505 1003 562 1065 aut
584 1021 698 1066 rerum
720 1004 778 1065 aut
798 999 920 1065 falsum
941 1002 1000 1084 est,
1024 998 1172 1084 sequitu

159 1090 235 1154 ilioo
263 1109 334 1154 esse
361 1109 476 1154 causas
505 1088 723 1172 inmutabilis,
752 1109 871 1172 easque
893 1090 1058 1172 aeternas,
1088 1109 1170 1172 quae
1185 1108 1215 1147 ro

159 1177 357 1263 prohibeant
379 1177 552 1262 quiequam
570 1198 662 1243 aecus
680 1176 803 1260 eadere,
826 1179 924 1260 atque
941 1197 1093 1242 casurum
1111 1177 1171 1259 sit3

159 1266 315 1332 fortuitae
338 1269 415 1330 sunt
437 1287 562 1348 eauaae,
585 1286 668 1349 quae
692 1263 844 1348 efficiant,
864 1268 902 1329 ut
918 1285 995 1328 rere
1012 1264 1171 1348 dieantur,

161 1375 243 1439 quae
264 1355 313 1419 ita
336 1353 495 1420 dicentur:
522 1353 658 1418 ‘Veniet
678 1353 714 1417 in
734 1356 885 1418 senatum
909 1349 1014 1436 Gato’,
1035 1373 1102 1417 non
1124 1352 1170 1416 in·

161 1444 269 1509 elusae
295 1442 331 1507 in
356 1464 466 1507 rerum
492 1445 611 1507 natura
633 1444 732 1526 atque
755 1441 890 1524 mundo,
916 1443 951 1504 et
972 1443 1171 1505 tumentem

161 1534 211 1596 eat
237 1531 430 1596 inmutabile
456 1533 643 1614 uenturum,
670 1551 743 1594 eum
771 1533 823 1594 est
844 1549 971 1612 verum,
998 1549 1097 1613 quam
1118 1550 1171 1594 ve·
1185 1548 1214 1588 ιε

160 1620 261 1702 nisae,
287 1641 347 1685 nee
373 1619 415 1684 ob
444 1640 516 1683 eam
543 1639 675 1684 oausam
702 1617 808 1682 fatum
835 1620 893 1682 aut
918 1617 1097 1682 necessitas
1119 1637 1172 1682 ex·

160 1707 359 1773 timesoenda
382 1710 440 1772 est.
472 1706 603 1771 Etenim
626 1706 690 1770 erit
712 1705 858 1770 confiteri
877 1725 1020 1770 neeesse:
1044 1702 1091 1770 ‘Si
1109 1705 1171 1770 hoo

161 1791 380 1861 enuntiatum:
403 1793 550 1860 “Veniet
572 1794 607 1858 in
629 1793 849 1858 Tusculanum
871 1791 1096 1859 Hortensius’'
1118 1814 1171 1858 ve

160 1907 233 1950 rum
260 1886 415 1965 nonest,
445 1882 604 1968 sequitur,
634 1885 671 1947 ut
692 1881 814 1947 falsum
837 1879 900 1946 sit?
948 1879 1092 1956 Quorum
1114 1881 1172 1946 isti

160 1975 313 2038 neutrum
335 1970 464 2055 volunt,
487 1970 573 2055 quod
595 1971 667 2035 fieri
688 1991 755 2036 non
776 1973 896 2056 potest.
1183 1988 1213 2030 so
1290 1961 1293 1976 ⁴

227 2058 297 2124 Nee
323 2081 383 2124 nos
406 2059 562 2144 impediet
583 2058 645 2124 illa
663 2059 785 2144 ignava
807 2058 907 2142 ratio,
934 2079 1017 2166 quae
1040 2057 1171 2141 dieitur,

161 2148 347 2235 appellatur
366 2147 452 2212 enim
471 2147 602 2231 quidam
621 2169 642 2212 a
654 2146 860 2232 philosophis
875 2141 977 2230 ἄργος
990 2141 1101 2230 λόγος,
1119 2145 1172 2213 oui

160 2238 190 2302 si
206 2257 387 2321 pareamus,
404 2235 487 2300 nihil
502 2235 634 2301 omnino
649 2256 785 2321 agamus
799 2235 925 2300 invita
957 2233 1010 2300 Sia
1025 2235 1111 2299 enim
1125 2234 1172 2299 in·
1292 2285 1293 2314 ,

159 2328 343 2411 terrogant:
363 2321 409 2388 ‘si
422 2323 527 2389 fatum
541 2323 604 2388 tibi
617 2327 668 2388 est
681 2345 721 2388 ex
733 2323 796 2389 hoo
809 2323 925 2388 morbo
938 2322 1171 2407 convalesoere,
1292 2325 1293 2402 ἦ

160 2414 228 2480 sive
246 2418 283 2478 tu
301 2412 460 2478 medieum
474 2411 661 2478 adhibueris
680 2412 748 2477 sive
761 2432 830 2476 non
842 2410 1039 2496 adhibueris,
1056 2433 1171 2477 oonva·
1183 2427 1212 2471 aa
1292 2441 1293 2446 κ

106 2512 141 2564 aa
160 2503 276 2585 lesnes,
294 2501 382 2585 item,
401 2500 430 2565 si
447 2500 553 2565 fatum
571 2499 634 2564 tibi
652 2503 703 2564 est
721 2521 761 2564 ex
773 2499 836 2565 hoe
849 2499 964 2564 morbo
976 2520 1042 2564 non
1057 2521 1172 2565 oonra·
1292 2517 1293 2520 ’

160 2591 290 2674 leseere,
312 2590 381 2655 sive
403 2593 441 2653 tu
464 2587 624 2653 medicum
644 2587 830 2652 adhibueris
849 2588 918 2652 sivo
935 2608 1002 2653 non
1019 2587 1172 2653 adhibue-
1292 2593 1293 2658 j

159 2680 220 2762 ria,
241 2699 308 2743 non
330 2677 550 2760 convalesces,
578 2679 612 2740 et
634 2676 830 2741 alterutrum
852 2675 958 2740 fatam
980 2679 1045 2760 est3
1074 2675 1172 2741 medi·

108 2767 233 2833 ldeum
265 2786 343 2851 ergo
371 2764 525 2830 adhibere
552 2763 636 2828 nihil
665 2762 805 2828 attinet'
850 2762 951 2829 Reate
979 2784 1081 2849 genus
1109 2765 1172 2830 hoa

159 2853 428 2940 interrogationis
457 2852 613 2938 ignavum
641 2856 737 2936 atque
764 2851 852 2916 iners
878 2851 1081 2918 nominatum
1112 2855 1171 2936 est,
1184 2869 1213 2912 a

161 2942 246 3026 quod
270 2942 382 3006 eadem
403 2940 532 3006 ratione
551 2940 656 3006 omnis
675 2962 694 3005 e
711 2939 781 3006 vita
797 2939 936 3006 tolletur
952 2940 1048 3006 aetio.
1079 2939 1171 3007 Lioet

122 3104 124 3108 .
161 3031 261 3094 etiam
283 3030 454 3114 inmutare,
476 3033 513 3094 ut
531 3028 594 3094 fati
610 3049 729 3094 nomen
746 3049 787 3093 ne
806 3028 964 3114 adiungas
984 3031 1018 3094 et
1034 3029 1171 3094 eandem
1292 3047 1293 3058 ¹

160 3121 272 3182 tamen
299 3120 410 3182 teneas
438 3117 649 3200 sententiam,
675 3117 738 3183 hoe
761 3117 870 3182 modo:
898 3114 950 3182 ‘si
973 3138 1012 3181 ex
1035 3117 1171 3182 aeterni·
1290 3153 1292 3162 ι

160 3209 230 3270 tate
256 3227 370 3270 verum
397 3205 461 3270 hoo
486 3205 563 3270 fuit:
596 3205 674 3270 “Ex
701 3205 767 3270 isto
795 3204 909 3270 morbo
932 3204 1172 3290 convalesces'',

56 3290 59 3296 ’
161 3294 228 3358 sive
257 3293 443 3358 adhibueris
466 3293 626 3359 medicum
649 3293 717 3359 sive
738 3314 806 3358 non
828 3291 1028 3377 adhibueris,
1055 3309 1212 3360 nonve-aa

160 3381 276 3463 lesoea3
306 3380 463 3466 itemque,
495 3383 524 3446 si
556 3403 596 3447 ex
626 3381 819 3446 aeternitate
850 3379 971 3446 falsum
1002 3380 1065 3447 hoe
1093 3381 1171 3446 fuit:

160 3467 240 3533 “Ex
266 3467 331 3533 isto
358 3470 473 3534 morbo
503 3468 745 3554 convalesoes’',
773 3470 841 3534 sive
863 3467 1050 3534 adhibueris
1073 3469 1171 3535 medi·
