2630 3890
204 118 270 184 224
557 121 607 175 DII
624 119 869 175 DIVINATIONE

111 291 114 298 ·
152 244 194 308 36
272 261 333 328 Sed
366 262 406 329 de
436 264 499 329 hoc
531 265 603 329 loco
632 263 765 349 plura'
754 284 789 327 ιιι
817 263 904 347 aliis,
934 284 1020 328 nunc
1046 262 1214 327 hactenus.

151 321 350 418 ⁷⁶Externa
372 352 459 417 enim
483 352 627 438 auguria,
653 373 735 436 quae
759 356 835 416 sunt
856 372 923 415 non
945 355 1014 415 tam
1038 350 1214 415 artificiosa

206 463 302 526 quam
330 441 570 525 superstitiosa,
602 439 778 504 videamus
819 438 976 504 Omnibus
1003 439 1071 503 fere
1098 439 1214 503 avibus

204 533 348 613 utuntur,
371 550 431 593 nos
454 529 627 593 admodum
649 528 771 613 paucis3
794 527 860 592 alia
881 528 948 592 illis
972 527 1106 592 sinistra
1128 530 1214 611 sunt,

205 618 271 683 alia
292 617 423 682 nostris.
461 615 595 681 Solebat
618 638 657 680 ex
680 638 732 681 me
754 616 928 681 Deiotarus
950 615 1136 700 percontari
1157 633 1242 680 ιιι-5

205 706 267 770 stri
289 705 418 792 augurii
440 705 657 789 disciplinam,
686 726 747 791 ego
771 725 810 769 ex
831 704 889 768 illo
914 704 973 768 sui.
1017 703 1061 768 Di
1082 703 1215 769 immor-
1304 725 1305 736 ¹

204 795 303 859 tales!
331 797 488 877 quantum
517 793 699 858 differebat!
726 796 764 857 ut
792 793 950 876 quaedam
977 795 1085 857 essent
1114 792 1213 856 etiam

205 882 376 948 contraria.
418 881 528 967 Atque
555 881 612 945 ille
638 881 680 945 iis
708 903 835 966 semper
856 881 1023 965 utebatur,
1049 902 1123 964 nos,
1149 880 1214 944 nisi

205 971 281 1035 dum
304 993 324 1034 a
345 970 467 1055 populo
491 969 636 1054 auspicia
659 973 791 1054 accepta
812 968 984 1052 habemus,
1012 990 1110 1052 quarn
1133 969 1213 1033 mul·

204 1062 275 1123 tum
301 1058 342 1122 iis
370 1058 514 1122 utimur?
549 1056 708 1122 Bellicam
736 1079 805 1121 rem
828 1056 1050 1121 administrari
1072 1057 1212 1122 maiores
1229 1073 1255 1111 1⁰

203 1146 309 1210 nostri
326 1146 390 1209 nisi
409 1146 576 1230 auspicato
594 1146 782 1228 noluerunt,
806 1166 903 1228 quam
922 1145 1019 1209 multi
1037 1145 1114 1210 anni
1128 1149 1212 1228 sunt,
1304 1163 1306 1170 ·

204 1257 277 1300 cum
303 1234 391 1298 bella
414 1257 433 1298 a
455 1234 702 1320 proconsulibus
726 1236 759 1298 et
782 1255 802 1298 a
823 1233 1090 1318 propraetoribus
1114 1233 1213 1298 admi·

151 1335 184 1384 7⁷
203 1323 400 1406 nistrantur,
423 1323 478 1406 qui
501 1322 645 1406 auspicia
667 1344 734 1387 non
755 1321 891 1386 habent!
927 1320 1043 1406 Itaque
1065 1343 1125 1388 neo
1148 1344 1213 1386 am-

203 1411 256 1475 nis
277 1413 448 1475 transeunt
471 1411 638 1495 auspicato
655 1432 715 1474 nec
733 1409 877 1494 tripudio
897 1410 1114 1494 auspicantur.
1146 1409 1214 1475 Ubi

205 1520 282 1584 ergo
311 1499 420 1563 avium
444 1499 622 1563 divinatio?
650 1520 741 1582 quae,
756 1498 909 1582 quoniam
932 1498 974 1562 ab
997 1498 1051 1580 iis,
1080 1497 1136 1582 qui
1159 1521 1213 1562 au·
1229 1515 1254 1554 1⁵

197 1587 306 1672 'spicia
327 1587 419 1652 nulla
441 1587 571 1671 habent,
594 1587 683 1651 bella
705 1585 983 1669 administrantur,
1006 1586 1048 1650 ad
1070 1586 1213 1652 urbanas

202 1697 252 1740 res
278 1679 406 1740 retenta
427 1675 569 1760 videtur,
596 1697 616 1739 ι
637 1674 763 1740 bellicis
786 1695 856 1738 esse
880 1674 1019 1739 sublata
1064 1673 1150 1738 Nam
1174 1696 1214 1738 ex

204 1763 405 1828 acuminibus
438 1763 579 1847 quidem,
612 1762 698 1847 quod
729 1765 836 1827 totum
864 1762 1044 1848 auspicium
1071 1763 1213 1828 militare
1307 1769 1308 1850 ]

204 1855 267 1934 est,
299 1852 365 1916 iam
391 1850 435 1916 M.
461 1851 634 1916 Marcellus
661 1851 718 1915 ille
745 1851 937 1934 quinquiens
964 1851 1077 1915 consul
1104 1854 1213 1915 totum
1307 1859 1308 1878 ³

204 1940 324 2022 omisit,
346 1939 432 2004 idem
450 1939 637 2025 imperator,
655 1938 741 2002 idem
760 1960 865 2025 augur
883 1943 1044 2023 optumus.
1080 1938 1125 2003 Et
1144 1939 1214 2024 qui·
1228 1956 1254 1994 ιο

205 2029 277 2093 dem
299 2028 357 2092 ille
380 2028 520 2111 dicebat,
544 2027 572 2092 si
595 2027 724 2111 quando
746 2048 815 2091 rem
838 2048 935 2112 agere
957 2027 1066 2110 vellet,
1088 2049 1129 2091 ne
1151 2027 1214 2091 im·

204 2115 368 2200 pediretur
391 2115 552 2200 auspiciis,
575 2114 690 2180 lectica
709 2118 823 2200 operta
840 2114 946 2180 facere
963 2115 1028 2179 iter
1046 2137 1080 2180 sc
1098 2115 1214 2181 solere.

205 2203 289 2268 Huic
316 2203 422 2267 simile
449 2207 512 2286 est,
545 2202 631 2287 quod
657 2225 717 2268 nos
746 2224 884 2288 augures
912 2203 1142 2288 praecipimus,
1170 2226 1213 2268 ne

203 2292 296 2377 iuges
311 2291 487 2375 auspicium
504 2254 717 2375 bbveniat,ut
703 2291 875 2355 tiumenta
888 2291 1022 2356 iubeant
1037 2291 1213 2377 diiungere.

151 2391 185 2441 '18
205 2378 289 2455 Quid
315 2384 366 2444 est
394 2379 482 2444 aliud
507 2379 596 2444 nolle
624 2342 747 2444 mbneri
776 2402 796 2443 a
817 2378 895 2444 Iove
917 2379 981 2444 nisi
1008 2379 1147 2464 efficere,
1174 2384 1213 2445 ut
1228 2396 1253 2436 2⁵

204 2472 262 2532 aut
282 2489 323 2532 ne
346 2468 417 2532 fieri
439 2468 545 2553 possit
567 2468 746 2552 auspicium
769 2471 834 2551 ant,
858 2467 886 2531 si
909 2468 976 2551 fiat,
953 2468 1122 2532 trideri‘?

150 2557 191 2620 37
270 2555 356 2620 Nam
378 2556 461 2621 illud
484 2556 657 2620 admodum
680 2555 860 2640 ridiculum,
884 2555 970 2639 quod
991 2577 1093 2642 negas
1116 2555 1214 2622 Deio-

203 2649 312 2709 tarum
339 2644 569 2730 auspiciorum,
600 2665 681 2727 quae
709 2644 772 2709 sibi
800 2644 841 2708 ad
867 2643 1058 2729 Pompeium
1085 2645 1212 2730 profici·

204 2733 306 2798 scenti
280 2732 420 2798 trfacta
443 2733 522 2815 sint,
547 2733 725 2815 paenitere,
754 2731 840 2816 quod
862 2731 959 2796 fidem
982 2736 1110 2798 secutus
1135 2732 1213 2798 ami·

203 2821 377 2921 citiamque
399 2821 513 2905 populi
530 2820 670 2884 Romani
691 2819 871 2884 functus
846 2824 889 2883 ιιι
875 2820 1028 2906 tofficio,
1053 2824 1109 2885 ant
1111 2821 1213 2906 iquio·
1226 2837 1253 2876 ³⁰

203 2932 273 2974 rem
305 2909 391 2973 enim
423 2908 486 2972 sibi
516 2907 617 2973 fuisse
649 2908 845 2972 laudemt
811 2911 845 2972 et
873 2908 1013 2994 gloriam
1041 2931 1139 2993 quam
1166 2931 1214 2974 re·

204 3019 305 3082 gnum
329 3000 362 3060 et
388 2997 609 3080 possessiones
634 3017 718 3060 suas.
760 2993 863 3060 Credo
888 2997 1048 3080 equidem,
1072 2998 1128 3062 sed
1151 2997 1214 3063 hoc

203 3085 287 3149 nihil
316 3085 356 3149 ad
384 3085 540 3169 auspicia,
568 3107 628 3149 nec
655 3085 742 3149 enim
769 3084 799 3148 ei
826 3084 937 3149 cornix
964 3107 1078 3150 canere
1105 3087 1214 3170 potuit
1307 3157 1309 3170 Ι

204 3176 291 3236 recte
329 3195 401 3236 eum
437 3172 557 3256 facere,
593 3173 680 3257 quod
710 3173 824 3257 populi
855 3172 995 3238 Romani
1026 3173 1214 3239 libertatem

203 3259 371 3325 defendere
403 3263 547 3344 pararet3
579 3261 649 3344 ipse
678 3260 740 3325 hoc
770 3260 945 3344 sentiebat,
977 3261 1073 3326 sicuti
1102 3263 1213 3326 sensIt.
1227 3275 1253 3317 3⁵

151 3360 183 3408 79
203 3349 291 3411 Aves
318 3351 453 3412 eventus
481 3348 666 3434 significant
693 3352 749 3412 aut
777 3349 930 3413 adversos
958 3352 1015 3413 aut
1043 3351 1214 3435 secundos3

202 3435 333 3500 virtutis
366 3435 519 3533 auspiciis
551 3436 644 3530 videq
673 3458 743 3500 esse
770 3458 865 3501 usum
892 3436 1098 3521 Deiotarum,
1131 3460 1213 3522 quaa
