2526 3880
167 138 231 204 102
489 137 539 191 DE
558 137 715 192 NATURA
731 136 888 192 DEORUM

165 307 242 351 nere
264 284 377 349 finitus
401 285 453 348 est
475 282 558 366 dies,
581 282 716 365 mensis,
740 304 858 366 annus,
881 281 1077 347 defectiones
1102 281 1182 347 solis

167 379 200 440 et
231 373 328 437 lunae
360 371 511 457 cognitae
543 371 792 455 praedictaeque
823 371 859 434 in
891 393 986 435 omne
1014 375 1183 455 posterum

165 467 310 547 tempus,
343 482 438 545 quae,
472 462 627 543 quantae,
655 458 783 543 quando
810 458 940 524 futurae
968 459 1043 523 sint.
1094 457 1184 534 Quae

167 554 323 616 contuens
357 548 485 613 animus
513 546 637 612 accedit
665 547 707 611 ad
734 547 957 633 cognitionem
985 547 1133 632 deorum,
1166 569 1184 611 e
1247 617 1248 622 γ

168 661 233 724 qua
256 639 360 702 oritur
382 637 503 721 pietas,
529 636 583 700 'eui
606 635 780 701 coniuncta
801 635 928 700 iustitia
952 639 1003 700 est
1024 636 1185 720 reliquae-
1208 653 1219 694 s

168 749 230 813 que
252 727 400 808 virtutes,
424 747 441 789 e
465 723 582 808 quibus
602 723 671 789 vita
689 724 787 788 beata
805 723 916 789 existit
933 745 994 808 par
1013 727 1047 788 et
1065 724 1185 788 similis

168 818 314 898 deorum,
345 813 438 878 nulla
466 812 532 877 alia
558 833 594 876 re
620 811 685 876 nisi
712 811 966 895 inmortalitate,
994 833 1077 895 quae
1100 812 1184 876 nihil

167 905 209 970 ad
231 904 314 967 bene
336 901 511 968 vivendum
533 900 689 985 pertinet,
717 901 833 966 cedens
857 900 1063 966 caelestibus.
1110 899 1185 976 Qui·

166 993 228 1057 bus
251 991 349 1056 rebus
373 988 529 1074 expositis
552 988 634 1053 satis
658 989 805 1054 docuisse
823 988 944 1073 videor,
967 989 1109 1054 hominis
1129 1011 1184 1054 na·
1249 1004 1250 1058 l

167 1085 243 1145 tura
266 1081 388 1163 quanto
412 1077 517 1142 omnis
541 1077 681 1141 anteiret
705 1077 896 1142 animantes.
932 1075 1066 1161 Exque
1086 1078 1219 1143 debetu
1249 1083 1250 1098 ¹

166 1167 317 1253 intellegi
347 1187 407 1232 nec
438 1165 578 1251 figuram
611 1166 775 1250 situmque
801 1167 1022 1232 membrorum
1050 1188 1110 1231 nec
1137 1167 1183 1230 in-

169 1256 256 1344 genii
292 1255 475 1339 mentisque
511 1254 579 1319 vim
611 1255 713 1320 talem
745 1254 831 1320 effici
862 1255 1008 1340 potuisse
1040 1253 1183 1320 fortuna.
1250 1310 1251 1354 ,

116 1367 167 1416 154
181 1346 311 1427 Restat,
338 1347 376 1408 ut
404 1343 537 1408 doceam
565 1346 663 1427 atque
691 1343 865 1427 aliquando
890 1364 1040 1428 perorem
1063 1344 1183 1427 omnia,
1250 1355 1251 1386 l

169 1455 251 1518 quae
274 1432 342 1497 sint
364 1432 400 1496 in
421 1430 632 1515 boemundo,
656 1432 773 1516 quibus
792 1435 927 1497 utantur
944 1431 1103 1517 homines,
1127 1432 1183 1497 ho-

168 1522 293 1587 minum
315 1541 414 1585 causa
435 1519 525 1585 facta
547 1541 618 1585 esse
641 1524 674 1584 et
697 1523 822 1605 parata.
1197 1539 1219 1578 rs

115 1620 158 1685 62
234 1608 398 1694 Principio
421 1608 491 1694 ipse
514 1609 654 1674 mundus
677 1609 810 1673 deorum
833 1609 1066 1693 hominumque
1086 1631 1184 1674 causa
1251 1614 1252 1682 l

167 1699 275 1764 factus
298 1701 358 1782 est,
382 1718 528 1780 quaeque
550 1697 585 1761 in
608 1719 646 1762 eo
670 1701 755 1779 sunt,
779 1719 817 1762 ea
839 1700 957 1782 parata
980 1697 1022 1761 ad
1039 1696 1183 1762 fructum
1251 1685 1252 1762 i

166 1787 337 1853 hominum
365 1789 398 1850 et
427 1785 560 1850 inventa
587 1789 672 1850 sunt.
718 1784 780 1850 Est
807 1787 895 1850 enim
921 1786 1060 1851 mundus
1090 1786 1183 1870 quasi

168 1874 348 1941 communis
381 1874 515 1938 deorum
547 1877 646 1958 atque
677 1873 847 1938 hominum
876 1875 990 1938 domus
1019 1877 1076 1939 aut
1104 1875 1181 1939 urbs
1252 1920 1253 1978 ,

167 1967 387 2047 utrorumque.
434 1959 502 2028 Soli
530 1962 616 2027 enim
643 1962 770 2027 ratione
798 1966 927 2027 utentes
954 1962 1024 2028 inre
1048 1984 1086 2028 ac
1110 1965 1182 2049 lege
1195 1980 1219 2019 ²⁰
1252 1983 1253 2048 l

166 2053 290 2118 vivunt
336 2049 383 2116 Ut
411 2051 515 2136 igitur
542 2050 691 2115 Athenas
719 2055 753 2116 ct
781 2049 1058 2117 Lacedaemonem
1080 2051 1182 2118 Athe

166 2140 327 2205 niensium
359 2139 752 2223 Lacedaemoniorumque
788 2161 886 2205 causa
917 2139 1099 2224 putandum
1132 2144 1182 2205 est

168 2228 315 2294 conditas
346 2249 430 2313 esse,
463 2228 649 2312 omniaque,
682 2249 764 2312 quae
797 2228 863 2292 sint
894 2228 930 2292 in
956 2228 1008 2292 his
1036 2228 1182 2312 urbibus,

167 2339 280 2383 eorum
307 2317 504 2402 populorum
526 2319 615 2381 recte
638 2338 709 2382 esse
733 2317 896 2401 dieunhrr,
924 2317 983 2400 sic,
1012 2338 1182 2401 quaecum·

167 2427 229 2490 que
261 2410 338 2470 sunt
369 2405 405 2469 in
436 2404 526 2470 omni
556 2405 692 2490 mundo,
724 2405 858 2470 deorum
886 2409 984 2488 atque
1011 2404 1218 2470 hominumn

114 2494 326 2579 imputanda
357 2496 442 2558 sunt.
487 2491 557 2556 Iam
589 2515 667 2558 vero
700 2493 886 2559 circumitus
916 2492 995 2557 solis
1024 2497 1057 2558 et
1085 2495 1181 2560 lunae

165 2582 429 2667 reliquorumque
459 2580 615 2665 siderum,
646 2604 843 2666 quamquam
874 2581 973 2646 etiam
1004 2581 1182 2646 edmundi

166 2670 407 2735 cohaerentiam
425 2670 598 2754 pertinent,
621 2673 733 2735 tamen
751 2674 785 2734 et
803 2670 1024 2754 spectaculum
1042 2668 1183 2736 homini-

165 2759 227 2823 bus
261 2758 434 2844 praebent3
469 2759 562 2823 nulla
594 2762 644 2823 est
676 2759 762 2823 enim
794 2757 1015 2823 insatiabilior
1048 2760 1182 2844 species,

164 2846 257 2911 nulla
275 2846 443 2931 pulchrior
462 2850 495 2910 et
514 2846 555 2911 ad
572 2848 734 2912 rationem
753 2847 999 2930 sollertiamque
1013 2852 1182 2931 praestan·
1195 2865 1218 2905 ω

164 2935 245 3018 tior3
268 2957 381 3000 eorum
403 2935 491 2999 enim
513 2957 627 3002 cursus
650 2935 800 3000 dimetati
823 2935 1032 3001 maturitates
1056 2938 1182 3022 tempo

164 3046 238 3087 rum
260 3026 294 3087 et
316 3021 493 3100 varietates
517 3024 779 3108 mutationesque
800 3024 1026 3110 eognovimus3
1050 3024 1183 3108 quaesi

164 3109 351 3176 hominibus
375 3110 455 3176 solis
477 3115 558 3177 nota
581 3116 666 3196 sunt,
688 3112 858 3177 hominum
880 3111 971 3176 facta
993 3134 1064 3177 esse
1083 3135 1182 3178 causa

112 3217 163 3267 156
177 3198 385 3264 iudicandum
415 3203 474 3265 est.
520 3199 621 3266 Terra
649 3222 728 3265 vero
757 3200 826 3265 feta
852 3200 1004 3286 frugibus
1033 3205 1067 3265 et
1088 3202 1181 3267 uario

164 3287 367 3372 leguminum
390 3308 522 3374 genere,
550 3311 730 3373 quaecum
753 3311 906 3354 maxumo
929 3289 1088 3375 largitate
1110 3289 1181 3355 fun-
1194 3304 1217 3347 ³⁶

164 3374 221 3458 dit,
244 3396 283 3438 ca
299 3374 485 3440 ferarumne
509 3399 551 3441 an
569 3377 738 3442 hominum
757 3400 855 3443 causa
875 3378 1010 3463 gignere
1028 3378 1181 3444 uidetur?

162 3459 247 3536 Quid
270 3462 309 3526 de
333 3464 455 3529 vitibus
479 3464 673 3549 olivetisque
697 3465 825 3530 dicam?
853 3487 991 3551 quarum
1014 3466 1181 3533 uberrumi
