2630 3890
356 94 423 150 113.
442 95 476 150 11,
502 94 577 150 οΑΡ.
598 101 710 152 14-11.
733 101 881 161 ses-ss.
1058 95 1123 161 209

112 239 232 324 capitis
261 242 318 304 aut
346 239 487 304 accessio
516 239 667 304 subitone
688 238 760 303 fieri
781 243 905 324 potest,
931 245 969 304 ut
992 260 1026 304 se
1049 243 1124 304 exta

114 327 156 392 ad
183 327 402 392 immolatoris
428 327 594 392 fortunam
622 326 887 393 accommodent?
913 348 979 392 non
1001 327 1124 412 perspi-

114 416 189 481 citis
213 416 319 480 aleam
342 415 505 499 quandam
527 437 598 481 esse
620 416 655 481 in
677 416 795 480 hostiis
819 415 1011 501 deligendis,
1033 437 1124 502 prae

116 503 228 569 sertim
250 525 323 570 oum
346 525 398 568 res
420 505 493 588 ipsa
516 503 651 570 doceat?
685 501 767 569 Oum
791 504 878 569 enim
897 503 1122 585 [tristissuma]

88 596 192 657 sexta
214 591 283 656 sine
306 591 413 675 capite
434 592 575 676 fuerunt,
598 592 715 677 quibus
737 590 821 656 nihil
843 592 972 657 ridetur
990 613 1060 658 esse
1078 592 1124 656 di·

115 681 197 763 rius,
223 700 383 765 proxuma
405 680 514 745 hostia
536 680 652 745 litatur
675 702 770 765 saepe
792 680 1017 765 pulcherrime.
1057 678 1124 745 Ubi

114 769 218 854 igitur
240 767 318 833 illae
336 768 443 833 minae
462 769 666 855 superiorum
684 769 854 834 extorum?
877 771 936 834 aut
954 773 1123 852 questam

115 856 225 921 subito
247 856 336 921 facta
358 861 409 920 est
432 857 564 922 deorum
587 861 682 922 tanta
703 857 868 942 placatio?

183 941 246 1009 Sed
269 943 376 1009 adfers
395 944 429 1009 in
447 945 535 1010 tauri
553 945 655 1030 opimi
673 945 755 1010 extis
773 945 965 1010 immolante
984 943 1122 1010 (laesere
1134 946 1175 1010 16

76 1049 101 1090 ¹⁰
115 1054 171 1098 cor
202 1054 268 1096 non
298 1032 413 1116 fuisse,
448 1033 482 1098 id
514 1033 590 1117 quia
620 1055 687 1098 non
718 1034 863 1118 potuerit
895 1033 1051 1118 accidere,
1086 1037 1133 1098 ut-

115 1121 184 1186 sine
207 1121 303 1185 corde
325 1121 469 1187 victuma
490 1122 550 1186 illa
572 1122 708 1204 viveret,
731 1121 935 1187 iudicandum
958 1143 1030 1187 esse
1052 1126 1123 1186 tum

113 1209 266 1274 interisse
293 1231 362 1293 cor,
389 1231 463 1275 oum
485 1209 719 1275 immolaretur.
759 1207 822 1285 Qui
843 1210 896 1294 fit,
923 1213 961 1274 ut
984 1212 1123 1275 alterum
1143 1224 1175 1272 31

113 1297 298 1383 intellegas,
321 1297 390 1362 sine
409 1298 504 1362 corde
521 1319 588 1363 non
606 1298 751 1382 potuisse
769 1299 887 1364 bovem
904 1298 1022 1383 vivere,
1045 1300 1124 1364 alte·

113 1408 187 1450 rum
214 1407 281 1450 non
307 1386 431 1469 videas,
458 1407 513 1450 eor
540 1386 650 1450 subito
671 1408 739 1451 non
760 1385 905 1470 potuisse
927 1387 1035 1453 nescio
1059 1409 1123 1472 quo

75 1490 101 1529 ¹⁵
116 1473 270 1539 avolare?
306 1473 378 1560 Ego
403 1474 488 1538 enim
511 1495 645 1560 possum
668 1476 720 1539 vel
742 1474 879 1558 nescire,
903 1496 984 1559 quae
1007 1474 1057 1540 vis
1080 1475 1124 1540 sit

115 1562 221 1627 cordis
250 1561 291 1626 ad
318 1562 505 1646 vivendum,
531 1563 584 1627 rel
608 1562 766 1647 suspicari
788 1566 990 1628 contractum
1013 1564 1123 1648 aliquo

114 1650 230 1715 morbo
253 1650 346 1715 bovis
370 1651 453 1716 exile
477 1655 510 1715 et
532 1650 685 1736 exiguum
707 1654 740 1715 et
763 1651 886 1716 vietum
907 1672 963 1716 cor
981 1655 1014 1716 et
1033 1652 1124 1716 dissi-

115 1739 193 1804 mile
220 1738 326 1803 eordis
353 1736 467 1823 fuisse3
494 1743 533 1803 tu
554 1760 631 1804 vero
656 1739 732 1822 quid
754 1738 869 1823 habes,
897 1761 996 1824 quare
1018 1743 1124 1824 putes,

116 1827 146 1893 si
166 1827 265 1911 paulo
289 1830 365 1890 ante
388 1849 443 1893 cor
464 1826 564 1892 fuerit
586 1827 621 1891 in
642 1831 737 1892 tauro
761 1827 879 1912 opimo,
903 1827 1011 1893 subito
1034 1829 1068 1893 id
1089 1829 1124 1893 in

75 1931 100 1970 1ο
115 1916 188 2000 ipsa
215 1914 438 1980 immolatione
465 1915 638 1980 interisse?
671 1937 713 1980 an
741 1915 826 1998 quod
849 1916 975 2000 aspexit
1003 1917 1124 1982 vestitu

114 1997 277 2088 purpureo
296 2004 465 2068 excordem
480 2001 661 2088 Caesarem,
682 2004 753 2088 ipse
771 2004 866 2068 corde
883 2005 1032 2089 privatus
1052 2006 1123 2070 est?

113 2091 239 2157 Urbem
257 2090 494 2177 philosophiae,
511 2092 593 2156 mihi
611 2092 713 2175 crede,
729 2091 879 2176 proditis,
898 2091 973 2156 dum
988 2094 1124 2159 castelle

115 2179 301 2264 defenditis3
323 2203 409 2265 nam,
433 2180 509 2244 dum
532 2180 773 2265 haruspicinam
795 2202 906 2245 veram
925 2203 995 2246 esse
1013 2182 1124 2264 vultis,

115 2267 359 2354 physiologiam
381 2271 487 2333 totam
509 2269 705 2354 pervertitis.
752 2267 859 2353 Caput
881 2274 931 2334 est
953 2269 988 2334 in
1009 2270 1123 2353 iecore,

75 2371 101 2411 2⁵
116 2378 171 2421 eor
193 2356 229 2420 in
251 2357 348 2440 extis3
371 2357 438 2421 iam
461 2355 620 2441 abscedet,
643 2357 741 2421 simul
765 2379 802 2422 ac
820 2358 938 2422 molam
961 2361 995 2421 et
1011 2359 1122 2423 vinum

114 2444 322 2529 insperseris3
351 2444 428 2510 deus
455 2445 489 2508 id
518 2445 646 2529 eripiet,
675 2444 725 2510 vis
756 2445 866 2528 aliqua
892 2445 1039 2511 conficiet
1067 2449 1123 2511 aut

115 2533 237 2598 exedat.
273 2531 349 2597 Non
372 2555 450 2619 ergo
474 2533 619 2599 omnium
641 2537 732 2598 ortus
756 2536 852 2617 atque
876 2533 984 2598 obitus
1006 2537 1123 2600 natura

115 2621 276 2704 conficiet,
300 2625 333 2685 et
360 2621 422 2685 erit
450 2621 585 2706 aliquid,
614 2622 700 2706 quod
727 2624 784 2686 aut
812 2643 851 2685 ex
872 2621 976 2686 nihilo
999 2623 1123 2687 oriatur

115 2713 173 2784 aut
204 2709 239 2772 in
269 2709 408 2774 nihilum
440 2709 549 2776 subito
587 2710 721 2775 occidat.
767 2707 845 2785 Quis
879 2709 942 2775 hoc
970 2710 1123 2794 physicus

75 2813 102 2853 ⁸⁰
115 2796 198 2861 dixit
229 2799 405 2881 umquam?
436 2797 625 2882 haruspices
658 2798 781 2882 dicunt3
811 2797 863 2862 his
895 2797 998 2883 igitur
1026 2821 1123 2882 quem

114 2885 258 2970 physicis
277 2885 470 2951 credendum
486 2887 596 2971 potius
616 2884 813 2950 existumas?
834 2883 939 2961 Quid?
963 2908 1036 2952 oum
1053 2867 1178 2993 plu-13}

115 2974 206 3037 ribus
233 2973 302 3038 deis
329 2974 532 3059 immolatur,
560 2975 615 3059 qui
641 2974 774 3038 tandem
801 2974 921 3057 evenit,
951 2979 988 3038 ut
1010 2975 1123 3041 litetur

116 3061 199 3145 aliis,
216 3062 290 3126 aliis
304 3084 370 3126 non
384 3062 519 3127 litetur?
538 3084 620 3146 quae
635 3065 744 3126 autem
757 3062 976 3128 inconstantia
990 3063 1123 3129 deorum

116 3153 176 3233 est,
198 3152 236 3214 ut
257 3149 373 3234 primis
396 3151 559 3215 minentur
582 3151 674 3235 extis,
696 3150 779 3214 bene
800 3151 996 3235 promittant
1015 3173 1124 3218 secun·

76 3254 101 3295 ss
117 3238 188 3302 dis?
216 3242 273 3302 aut
295 3241 390 3302 tanta
411 3239 497 3304 inter
520 3260 575 3304 eos
599 3238 769 3322 dissensio,
797 3260 893 3323 saepe
916 3240 1015 3305 etiam
1038 3241 1123 3306 inter

114 3347 306 3411 proxumos,
335 3330 372 3391 ut
394 3325 558 3410 Apollinis
587 3331 661 3392 exta
687 3326 774 3392 bona
802 3327 882 3412 sint,
910 3327 1035 3394 Dianae
1057 3351 1124 3394 non

114 3414 223 3481 bone?
261 3412 344 3490 Quid
367 3418 417 3478 est
440 3418 509 3480 tam
531 3416 738 3500 perspicuum
761 3438 867 3501 quem,
891 3438 964 3481 cum
985 3417 1122 3483 fortuito

168 3527 223 3570 010.
237 3527 278 3568 rr.
293 3529 312 3568 2.
874 3526 908 3574 14
