2630 3890
360 155 427 212 ΗΒ.
447 156 468 212 1.
488 155 564 214 cuP.
584 162 698 213 so-sa.
717 162 733 224 s
752 163 901 215 115-120.
1069 156 1132 223 189

125 300 273 388 singulis.
317 299 407 366 Haec
439 300 468 365 si
498 303 661 385 tenemus,
692 322 775 386 quae
801 300 884 365 mihi
912 300 1041 386 quidem
1067 323 1135 368 non

124 389 275 456 videntur
296 410 393 473 posse
416 387 570 473 convelli,
591 388 738 474 profecto
761 389 947 454 hominibus
971 411 991 455 a
1015 389 1063 454 dis
1085 389 1134 456 fu·

124 483 201 544 tura
222 476 400 564 significari
422 497 553 542 necesse
576 481 635 542 est.
671 474 734 542 Sed
758 477 859 542 distin
905 477 1022 544 endum
1039 477 1125 543 vide·
1143 457 1187 524 52

125 570 188 652 tur,
211 587 353 651 quonam
376 565 481 630 modo.
525 561 613 630 Nam
634 587 700 631 non
722 565 831 650 placet
854 499 971 631 ξὺαοίοἰε
994 537 1187 652 singulis118

98 655 268 720 siccorum
303 653 390 720 fissis
427 657 483 718 aut
517 653 626 719 avium
657 654 806 720 cantibus
836 654 994 720 interesse
1026 653 1135 738 deum3

124 764 228 828 neque
261 740 347 808 enim
379 741 529 808 decorum
560 745 610 806 est
641 764 701 809 nec
732 742 782 807 dis
814 741 949 828 dignum
977 763 1036 808 nec
1064 742 1135 807 fieri

125 831 193 897 ullo
216 834 313 916 pacto
336 833 460 916 potest;
483 829 610 896 sedita
633 852 653 897 a
674 830 834 916 principio
857 831 1046 897 inchoatum
1064 851 1134 896 esse

126 918 296 1004 mundum,
327 922 364 983 ut
391 918 489 984 certis
516 919 613 984 rebus
641 922 730 984 certa
759 920 853 1005 signa
881 923 1135 1004 praecurrerent,

127 1008 193 1074 alia
228 1007 264 1074 in
300 1006 398 1091 extis,
435 1007 500 1072 alia
535 1006 571 1072 in
606 1007 735 1091 avibus,
771 1007 837 1073 alia
871 1007 907 1073 in
940 1006 1136 1094 fulgoribus,
1167 1045 1170 1050 ·

86 1118 113 1157 ιο
127 1096 193 1162 alia
228 1095 263 1161 in
295 1095 445 1179 ostentis,
482 1095 548 1160 alia
583 1094 617 1159 in
654 1095 773 1181 stellis,
811 1095 876 1161 alia
907 1095 943 1161 in
974 1095 1135 1162 somnian-

126 1185 210 1249 tium
243 1182 336 1268 visis,
373 1183 438 1249 alia
469 1183 505 1247 in
533 1183 712 1250 furentium
743 1183 885 1249 vocibus.
936 1182 987 1249 Ea
1018 1184 1135 1269 quibus

126 1274 209 1338 bene
231 1269 385 1357 percepta
407 1275 492 1356 sunt,
513 1270 538 1335 ii
559 1293 626 1337 non
649 1293 745 1357 saepe
763 1271 937 1356 falluntur3
959 1272 1045 1337 male
1064 1293 1137 1338 con·

126 1361 213 1427 iecta
235 1360 384 1445 maleque
402 1359 620 1444 interpretata
635 1360 722 1425 falsa
741 1363 817 1426 sunt
835 1381 903 1425 non
920 1381 1028 1424 rernm
1045 1360 1137 1444 vitio,

128 1450 185 1515 scd
211 1449 428 1534 interpretum
454 1447 635 1514 inscientia.
676 1448 747 1514 Hoc
776 1451 885 1513 autern
907 1448 1016 1533 posito
1039 1452 1137 1533 atque

86 1557 113 1598 ιε,
127 1559 290 1620 concesso,
313 1557 383 1603 esse
407 1535 569 1621 quandam
591 1536 659 1602 vim
682 1536 826 1602 divinem
848 1536 1016 1602 hominum
1034 1537 1136 1601 vitam

128 1625 355 1708 continentem,
377 1646 444 1690 non
463 1623 593 1690 difficile
612 1628 671 1709 est,
690 1646 772 1708 qnae
790 1625 861 1689 fieri
879 1628 967 1691 certe
981 1624 1138 1709 ridemus,

128 1736 168 1780 ea
195 1736 259 1798 qua
281 1713 408 1778 ratione
430 1713 525 1796 fiant,
553 1713 721 1798 suspicari.
765 1710 851 1778 Nam
874 1716 908 1778 et
930 1713 972 1779 ad
994 1713 1138 1779 hostiam

129 1801 333 1888 deligendam
350 1804 461 1887 potest
479 1800 543 1866 dux
561 1822 632 1866 esse
645 1801 695 1866 vis
710 1801 869 1887 quaedam
883 1801 1034 1886 sentiens,
1055 1823 1137 1886 quac

128 1894 179 1957 est
199 1895 271 1956 toto
290 1888 424 1956 confusa
442 1889 572 1974 mundo,
595 1893 628 1954 ct
645 1893 717 1955 tum
734 1889 852 1975 ipsum,
875 1911 949 1955 cum
966 1889 1137 1955 immolare

88 1998 115 2038 20
128 1979 223 2064 velia,
251 1982 399 2044 extorum
425 1977 497 2043 fieri
518 1977 658 2044 mutatio
680 1981 804 2063 potest,
830 1981 868 2043 ut
891 1981 948 2043 aut
971 1978 1058 2043 absit
1081 1978 1137 2044 ali·

128 2067 206 2154 quid
224 2070 283 2132 aut
297 2065 451 2151 supersit3
473 2066 584 2152 parvis
602 2066 689 2132 enim
707 2066 880 2132 momentis
900 2067 1005 2132 multa
1018 2070 1138 2132 natura

129 2160 187 2222 aut
209 2155 346 2241 adfingit
369 2158 426 2219 aut
448 2157 555 2219 mutat
578 2158 635 2220 aut
658 2154 810 2222 detrahit.
855 2153 1011 2231 Quodne
1034 2155 1125 2220 dubi·
1139 2166 1189 2216 119

129 2249 200 2310 tare
231 2243 408 2329 possimus,
440 2243 581 2308 maximo
612 2246 662 2308 est
690 2246 896 2330 argumento,
926 2242 1012 2329 quod
1038 2243 1137 2328 paulo

130 2336 205 2398 ante
228 2331 397 2397 interitum
416 2328 563 2396 Caesaris
587 2331 736 2418 contigit.
773 2331 835 2408 Qui
857 2353 930 2397 cum
952 2331 1138 2397 immolaret

88 2439 115 2480 2⁵
129 2421 189 2486 illo
213 2419 272 2504 die,
296 2441 359 2505 quo
382 2419 524 2505 primurn
545 2419 580 2485 in
603 2420 686 2484 sella
703 2441 802 2484 aurea
820 2419 904 2484 sedit
922 2423 955 2484 et
973 2441 1047 2485 cum
1064 2439 1137 2503 pur·

130 2530 231 2595 purea
257 2510 348 2573 veste
374 2507 549 2592 processit,
575 2507 610 2573 in
637 2507 720 2572 extis
747 2508 842 2573 bovis
872 2506 973 2593 opimi
995 2527 1138 2572 cernon

129 2597 201 2662 fuit
246 2594 334 2663 Num
356 2595 459 2682 igitur
482 2617 592 2661 censes
614 2596 719 2661 ullum
742 2595 877 2679 animal,
900 2594 986 2680 quod
1010 2594 1138 2680 sangui-

130 2707 205 2751 nem
227 2684 356 2768 habeat,
381 2684 449 2750 sine
472 2684 568 2749 corde
589 2705 659 2749 esse
676 2685 795 2770 posse?
817 2682 926 2767 †Qua
943 2681 999 2746 ille
1018 2682 1065 2746 rei
1083 2703 1138 2747 no·

130 2773 235 2839 vitate
257 2773 433 2859 perculsus,
456 2794 530 2838 cum
543 2769 706 2857 Spurinna
724 2772 843 2838 diceret
861 2770 1040 2836 timendum
1059 2791 1139 2856 esse,

90 2880 117 2920 ³0
130 2883 172 2927 ne
200 2864 233 2926 et
255 2861 427 2927 consilium
450 2860 575 2926 etrite
598 2861 760 2944 deficeret3
788 2881 899 2924 earum
922 2859 1008 2925 enim
1030 2880 1139 2924 rerum

131 2954 303 3035 utramque
335 2971 356 3015 a
385 2949 479 3015 corde
510 2949 680 3034 proficisci.
724 2947 869 3014 Postero·
894 2947 945 3013 die
977 2950 1075 3033 caput
1103 2947 1139 3012 in

130 3037 236 3104 iecore
262 3059 330 3104 non
354 3036 427 3102 fuit.
472 3034 560 3112 Quae
589 3036 718 3122 quidem
746 3036 798 3101 illi
819 3035 1097 3122 portendebantur
1119 3056 1140 3102 a

131 3126 181 3192 dis
199 3125 449 3210 immortalibus,
470 3129 508 3189 ut
526 3124 650 3191 videret
667 3124 844 3208 interitum,
866 3146 933 3190 non
951 3127 988 3189 ut
1001 3126 1138 3190 caveret

131 3213 214 3280 Cum
236 3215 340 3301 igitur
362 3235 418 3279 eae
440 3216 551 3299 partes
573 3213 608 3277 in
631 3212 714 3278 extis
736 3234 803 3278 non
824 3213 1042 3298 reperiuntur,
1070 3213 1139 3278 sine

89 3318 117 3360 ³⁵
132 3303 249 3388 quibus
280 3302 423 3368 victuma
453 3301 513 3366 illa
539 3301 647 3366 vivere
673 3300 854 3385 nequisset,
884 3301 1139 3387 intellegendum

132 3394 183 3456 est
205 3391 241 3456 in
262 3391 334 3475 ipso
353 3388 588 3456 immolationis
606 3392 753 3473 tempore
772 3410 826 3454 cas
845 3392 966 3474 partes,
984 3411 1066 3474 quac
1085 3387 1139 3454 ab·
1149 3436 1192 3503 53

132 3478 207 3565 sint,
227 3479 386 3546 interisse.
417 3477 604 3563 Eademque
618 3476 718 3542 efficit
730 3476 766 3542 in
779 3477 893 3544 avibus
908 3477 1017 3544 divina
1029 3497 1131 3560 mens,
1141 3516 1192 3566 120
