2596 3882
344 161 412 215 1113.
431 162 465 217 11.
491 161 568 217 CAP.
588 169 701 218 11-11.
726 169 876 228 sas-31.
1051 163 1117 227 315

103 304 247 371 Numam
274 304 484 391 Pythagorae
509 306 614 391 ipsius
642 306 836 391 discipulum
864 309 921 371 aut
947 310 1035 372 certe
1056 306 1119 392 Py·

103 395 300 480 thagoreum
320 393 445 458 finisse?
464 394 470 478 Ι
491 415 587 479 saepe
608 394 694 459 enim
712 395 775 460 hoc
794 394 833 458 de
851 395 980 459 maiori-
1004 397 1044 476 [p.
1065 410 1117 460 aas

103 483 165 548 bus
192 485 273 546 natu
301 482 483 548 audivimus
512 486 546 546 et
572 483 621 547 ita
642 482 862 566 intellegimus
885 483 985 569 vulgo
1010 483 1119 547 existi·

104 569 202 653 mari3
228 592 334 654 neque
361 592 439 635 vero
463 571 545 634 satis
572 570 606 634 id
629 571 795 635 annalium
818 570 1023 655 publicorum
1047 593 1119 636 auc·

78 658 240 723 storitate
272 658 474 723 declaratum
505 658 660 724 videmus.
710 660 793 723 Tum
825 656 947 744 Scipio:
984 657 1119 723 Falsum

105 750 155 812 est
190 746 291 830 enim,
331 745 460 830 Manili,
495 746 616 831 inquit,
652 747 686 811 id
717 749 840 830 totum,
876 767 980 830 neque
1012 748 1118 812 solum

103 835 226 919 fictum,
248 834 306 898 sed
329 835 429 899 etiam
446 835 597 919 imperite
616 835 818 919 absurdeque
835 835 962 918 fictnm3
985 857 1024 900 ea
1043 839 1120 900 sunt

104 923 191 988 euim
226 923 358 986 demum
390 943 457 988 non
488 923 621 988 ferenda
653 924 689 987 in
720 923 900 1007 mendacio,
938 945 1020 1007 quae
1051 945 1119 988 non

105 1011 211 1077 solum
242 1011 321 1077 ficta
353 1032 438 1094 esse,
471 1011 527 1076 sed
549 1033 590 1075 ne
619 1011 691 1076 fieri
722 1011 851 1094 quidem
878 1011 1025 1096 potuisse
1052 1033 1119 1076 cer·

65 1117 91 1156 1⁰
103 1099 220 1164 nimus.
265 1098 352 1164 Nam
383 1103 536 1184 quartum
556 1099 561 1183 Ι
580 1099 647 1163 iam
675 1121 796 1163 annum
822 1103 981 1184 regnante
1006 1102 1046 1181 [p.
1066 1116 1119 1165 296

103 1187 204 1252 Lucio
223 1186 400 1272 Tarquinio
422 1184 569 1273 Superbo
594 1185 745 1271 Sybarim
771 1190 806 1251 et
828 1185 1006 1252 Crotonem
1028 1189 1120 1251 etin

105 1297 159 1340 eas
178 1275 296 1340 Italiae
318 1275 423 1360 partis
438 1274 645 1360 Pythagoras
665 1276 791 1340 venisse
810 1275 984 1360 reperitur,
1008 1275 1120 1359 Olym-

103 1364 177 1449 pias
198 1363 284 1428 enim
304 1364 443 1428 secunda
463 1366 496 1428 et
514 1363 719 1448 sexagesima
738 1363 849 1428 eadem
868 1360 1007 1448 Superbi
1025 1363 1120 1450 regni

103 1451 235 1517 initium
267 1455 300 1516 et
326 1450 535 1537 Pythagorae
568 1451 712 1516 declarat
744 1451 928 1516 adventum.
975 1451 1026 1516 Ex
1054 1474 1118 1536 quo
1138 1468 1173 1515 aa

65 1555 91 1598 rs
104 1539 255 1626 intellegi
283 1539 383 1623 regiis
415 1539 508 1603 annis
542 1538 755 1603 dinumeratis
787 1543 898 1624 potest
934 1561 1019 1605 anno
1050 1539 1119 1604 fere

105 1628 282 1693 centesimo
307 1632 341 1691 et
364 1627 613 1712 quadragesimo
641 1631 718 1712 post
740 1631 880 1692 mortem
902 1625 1030 1693 Numae
1055 1628 1120 1713 pri·

105 1739 195 1780 mum
217 1715 349 1780 Italiam
366 1715 591 1800 Pythagoram
612 1713 616 1797 Ι
637 1715 801 1801 attigisse3
823 1737 928 1798 neque
946 1716 1009 1781 hoc
1028 1718 1069 1796 [p.
1085 1731 1119 1781 39

104 1805 191 1868 inter
214 1825 278 1889 eos,
302 1805 358 1888 qui
381 1804 631 1890 diligentissime
653 1803 816 1888 persecuti
840 1807 916 1868 sunt
934 1808 1120 1889 temporum

105 1892 253 1976 annales,
285 1892 354 1956 ulla
385 1896 436 1956 est
467 1913 623 1976 umquam
650 1891 686 1956 in
714 1891 916 1956 dubitatione
942 1896 1119 1957 versatum.

65 1999 91 2038 20
104 1981 149 2045 Di
174 1980 381 2063 inmortales,
407 1979 515 2064 inquit
539 1979 706 2062 Manilius,
735 1983 876 2063 quantus
903 1979 966 2044 iste
990 1984 1040 2044 est
1063 1980 1120 2045 ho·

105 2069 230 2134 minum
258 2071 292 2133 et
318 2090 417 2152 quam
444 2068 645 2132 inveteratus
673 2069 777 2132 error!
814 2067 863 2132 Ac
890 2071 1001 2132 tamen
1022 2068 1120 2133 facilc

104 2157 216 2242 patior
242 2177 310 2222 non
331 2177 402 2221 esse
423 2177 485 2220 nos
509 2156 737 2220 transmarinis
760 2177 820 2221 nec
842 2156 1018 2241 inportatis
1041 2156 1120 2220 arti·

105 2246 166 2310 bus
198 2245 354 2329 eruditos,
387 2244 444 2308 sed
475 2244 623 2330 genuinis
652 2245 903 2328 domesticisque
932 2244 1173 2350 virtutibus⁸16

104 2333 209 2418 Atqui
235 2333 340 2398 multo
367 2331 403 2397 id
428 2331 556 2398 facilius
584 2353 773 2417 cognosces,
800 2332 907 2415 inquit
936 2332 1119 2416 Africanus,
1138 2363 1174 2411 30

65 2437 92 2478 2⁵
107 2421 136 2486 si
155 2421 161 2505 Ι
181 2420 444 2507 progredientem
471 2442 541 2484 rem
567 2419 733 2505 publicam
761 2423 859 2503 atque
886 2419 922 2484 in
945 2442 1000 2504 op
1024 2422 1065 2500 [p.
1085 2435 1120 2485 40

105 2510 225 2574 timum
252 2513 377 2573 statum
402 2508 546 2572 naturali
574 2509 714 2592 quodam
741 2507 858 2572 itinere
886 2511 920 2571 et
948 2529 1044 2572 cursu
1068 2528 1121 2572 ve

104 2598 251 2662 nientem
277 2596 411 2680 videris,
441 2596 520 2679 quin
547 2597 609 2661 hoc
636 2597 708 2680 ipso
737 2595 932 2680 sapientiam
959 2595 1121 2660 maiorum

106 2689 233 2751 statues
256 2707 326 2750 esse
349 2685 558 2769 laudandam,
587 2684 673 2769 quod
696 2684 801 2748 multa
823 2683 995 2768 intelleges
1020 2684 1120 2747 etiam

106 2774 237 2839 aliunde
269 2776 379 2838 sumta
410 2773 547 2837 meliora
578 2772 664 2856 apud
695 2793 755 2836 nos
787 2772 892 2837 multo
924 2792 994 2836 esse
1023 2770 1121 2855 facta,

64 2879 91 2920 ⁸⁰
106 2884 206 2947 quam
236 2861 284 2926 ibi
310 2861 461 2944 fuissent,
493 2861 577 2926 unde
604 2859 667 2925 huc
693 2860 857 2925 translata
884 2862 994 2924 essent
1023 2863 1121 2943 atque

104 2950 164 3015 ubi
186 2949 328 3035 primum
348 2948 543 3034 extitissent,
563 2948 800 3034 intellegesque
822 2969 888 3012 non
908 2947 1046 3012 fortuito
1065 2970 1121 3031 po·

104 3039 221 3126 pulum
249 3037 448 3121 Romanum,
480 3037 537 3102 sed
568 3036 704 3102 consilio
736 3039 771 3100 et
803 3035 976 3120 disciplina
1007 3036 1122 3100 confir·

105 3124 241 3215 maltum
265 3147 336 3190 esse
358 3147 418 3191 nac
440 3128 551 3192 tamen
574 3124 768 3189 adversante
790 3123 932 3189 fortuna.
1011 3126 1052 3204 [p.
1067 3139 1120 3188 art
1154 3179 1173 3244 ,Ι

172 3214 304 3280 Mortuo
334 3234 410 3298 rege
433 3212 596 3298 Pompilio
619 3212 752 3276 Pullum
775 3211 956 3276 Hostilium
978 3212 1120 3297 populus
1133 3183 1171 3308 tr

65 3320 91 3361 11
105 3324 219 3390 regem
236 3303 400 3386 interrege
418 3305 556 3387 rogante
571 3300 712 3366 comitiis
727 3301 860 3365 curiatis
875 3298 1007 3384 creavit,
1028 3301 1121 3383 isque

105 3391 145 3457 de
172 3388 310 3475 imperio
339 3410 398 3454 suo
426 3390 574 3473 exemplo
597 3387 751 3473 Pompilii
773 3389 932 3473 populum
957 3387 1122 3454 consuluit

104 3478 267 3545 curiatim.
312 3475 412 3544 Cuius
441 3476 601 3542 excellens
627 3477 664 3540 in
689 3497 725 3540 re
753 3476 891 3542 militari
917 3477 1025 3564 gloria
1054 3497 1122 3541 ma-
