2578 3874
172 158 239 221 414
562 157 612 211 DE
630 155 787 212 LEGIBUS

173 303 252 368 leto
286 301 397 367 datos
430 301 538 366 divos
571 301 755 385 habento,
787 305 982 386 sumptum
1013 301 1051 366 in
1082 301 1188 366 ollos

173 391 396 474 luctumque
419 390 631 456 minuunto.

120 448 164 574 ἐξ)
238 479 316 544 Arr.
340 477 501 544 Conclusa
525 478 654 562 quidem
678 481 728 542 est
746 500 767 542 a
784 479 818 543 te
836 499 1016 564 permagna
1034 477 1087 542 lex
1107 498 1189 541 sane

174 589 272 650 quam
290 566 397 649 brevi,
419 566 483 649 sed,
501 570 539 629 ut
557 566 638 630 mihi
657 566 786 650 quidem
804 567 941 650 videtur,
959 588 1027 632 non
1044 565 1189 633 multum

174 656 336 739 discrepat
358 654 423 719 ista
446 654 636 720 constitutio
656 655 852 740 religionum
871 677 892 720 a
909 655 1037 740 legibus
1056 652 1217 718 Numaea

173 743 358 826 nostrisque
387 743 541 807 moribua
577 743 625 808 M.
648 742 703 807 An
725 764 850 828 censes,
879 765 977 827 quom
1000 742 1034 806 in
1055 741 1123 806 illis
1147 741 1189 805 de

173 853 209 896 re
226 831 359 916 publica
373 830 467 895 libris
481 831 676 914 persuadere
689 830 838 896 videatur
851 829 1026 896 Africanus
1040 830 1190 895 omnium

173 941 282 984 rerum
304 919 509 1003 publicarum
530 923 679 984 nostram
701 923 844 984 veterem
861 919 956 984 illam
973 918 1074 984 fuisse
1093 921 1189 1003 optu-

174 1030 271 1090 mam,
288 1029 355 1072 non
372 1028 502 1072 necesse
522 1028 593 1072 esse
611 1010 767 1091 optumae
780 1007 828 1072 rei
841 1007 991 1092 publicae
1005 1008 1095 1092 leges
1110 1007 1189 1071 dare

174 1096 430 1160 consentaneas?
456 1096 534 1162 Arr.
547 1093 654 1160 Immo
668 1117 802 1180 prorsus
815 1095 865 1160 ita
878 1117 1002 1161 censeo.
1031 1097 1080 1161 M.
1093 1094 1187 1180 Ergo
1204 1113 1230 1152 ιο

175 1183 254 1248 adeo
282 1186 449 1268 expectate
477 1183 580 1268 leges,
609 1205 691 1268 quae
714 1205 817 1269 genus
838 1184 922 1248 illud
945 1186 1116 1268 optumum
1139 1182 1189 1247 rei

173 1270 324 1356 publicae
346 1270 543 1355 contineant,
569 1274 611 1356 et,
634 1271 663 1336 si
686 1294 769 1356 quae
791 1272 877 1337 forte
900 1295 921 1338 a
942 1294 995 1337 me
1017 1271 1115 1337 hodie
1138 1293 1188 1336 ro·

175 1360 353 1445 gabuutur,
386 1380 468 1443 quae
498 1381 566 1425 non
597 1359 664 1424 sint
693 1360 728 1426 in
759 1364 875 1426 nostra
905 1382 941 1426 re
967 1360 1099 1446 publica
1128 1381 1189 1425 nec

173 1447 308 1532 fuerint,
331 1451 442 1512 tamen
465 1451 561 1512 crunt
581 1447 650 1512 fere
672 1448 708 1512 in
731 1470 821 1513 more
843 1450 1012 1532 maiorum,
1035 1448 1188 1533 quitum

121 1549 156 1596 24
174 1540 212 1601 ut
238 1537 291 1601 lex
317 1535 458 1601 valebat.
503 1537 580 1601 Ara
603 1533 708 1601 Suada
735 1537 850 1622 igitur,
881 1537 909 1601 si
935 1537 1057 1622 placet,
1086 1536 1187 1601 istam
1202 1555 1227 1594 ιε

174 1625 279 1709 ipsam
300 1624 416 1710 legem,
438 1627 476 1688 ut
495 1645 556 1710 ego
575 1623 671 1690 ‘urm
690 1627 763 1706 [ru]
784 1624 911 1692 ucaas'
929 1625 1054 1710 possim
1072 1625 1188 1690 dicere.

173 1713 222 1778 M.
245 1711 312 1776 Ain
335 1712 488 1777 tandem?
516 1713 635 1796 Attice,
658 1735 725 1778 non
744 1735 779 1777 es
799 1713 943 1778 dicturus
963 1713 1080 1778 aliter?
1109 1713 1189 1778 Arr.

175 1800 311 1865 Prorsus
340 1801 497 1866 maiorem
525 1800 655 1884 quidem
679 1823 748 1866 rem
771 1801 897 1866 nullam
921 1802 1058 1867 sciscam
1081 1801 1189 1884 aliter,

173 1889 209 1953 in
230 1887 424 1973 minoribus,
452 1889 481 1953 si
503 1889 607 1972 voles,
630 1890 797 1954 remittam
820 1889 882 1955 hoc
905 1889 976 1954 tibi.
1019 1889 1053 1970 Q.
1076 1888 1188 1974 Atque

174 1998 248 2042 mea
270 1976 399 2061 quidem
421 1979 525 2042 eadm
548 1978 710 2042 sententia
733 1981 791 2043 est.
827 1978 875 2043 M.
898 1977 959 2061 At,
986 1999 1028 2042 ne
1050 1978 1189 2063 longum
1203 1997 1228 2035 20

174 2065 246 2216 fiatl,
273 2065 389 2130 videte.
434 2066 511 2131 Ara
534 2063 670 2130 Utinam
698 2066 842 2151 quidem!
872 2066 950 2150 quid
977 2066 1062 2130 enim
1089 2087 1189 2152 agere

175 2175 230 2218 ma
243 2154 360 2217 umus?
1164 2165 1166 2169 ’

241 2242 289 2307 Μ.
313 2240 410 2307 Oaste
433 2242 524 2307 iubet
546 2242 599 2308 lex
623 2243 711 2308 adire
730 2243 771 2307 ad
789 2242 875 2326 deos,
899 2243 1007 2309 animo
1026 2242 1188 2326 videlicet,

174 2331 210 2394 in
238 2352 301 2414 quo
329 2333 406 2395 sunt
434 2330 558 2414 omnia3
585 2352 645 2395 nec
667 2331 758 2395 tollit
780 2331 1008 2396 castimoniam
1031 2331 1188 2416 corporis,

175 2418 232 2482 sed
254 2419 317 2484 hoc
340 2421 471 2503 oportet
492 2418 654 2504 intellegi,
682 2441 781 2503 quom
804 2420 945 2484 multum
967 2418 1095 2484 animus
1120 2441 1188 2484 cor·
1202 2437 1226 2478 aa

175 2505 248 2591 pori
274 2511 419 2591 praestet
449 2506 715 2590 observeturque,
747 2511 785 2571 ut
814 2512 906 2573 casta
932 2529 1070 2592 corpora
1097 2507 1187 2572 adhi-

175 2595 328 2679 beantur,
357 2596 462 2662 multo
491 2617 563 2660 esse
589 2596 624 2659 in
651 2595 769 2660 animis
796 2595 830 2660 id
853 2596 1047 2661 servandum
1070 2596 1188 2682 magis.

175 2681 262 2747 Nam
288 2683 371 2748 illud
398 2683 451 2748 vel
479 2683 665 2768 aspersione
693 2706 795 2768 aquae
823 2685 876 2749 vel
904 2684 1028 2749 dierum
1050 2705 1187 2749 numero

175 2771 320 2854 tollitur,
347 2771 448 2836 animi
474 2772 567 2836 labes
595 2794 655 2836 nec
678 2772 892 2837 diuturnitate
915 2793 1105 2838 evanescere
1127 2794 1188 2838 nec

122 2870 156 2920 25
177 2859 326 2924 amnibus
353 2860 430 2924 ullis
459 2860 524 2926 elui
545 2863 664 2944 potest.
706 2858 798 2936 Quod
821 2865 930 2926 autem
952 2861 1109 2945 pietatem
1134 2860 1187 2925 ad·
1201 2878 1225 2918 ³0

175 2947 294 3032 hiberi,
317 2970 396 3033 opes
419 2948 563 3013 amoveri
585 2948 684 3032 iubet,
707 2949 871 3034 significat
892 2949 1091 3033 probitatem
1114 2970 1188 3034 gra·

175 3039 245 3100 tam
263 3057 334 3101 esse
353 3036 421 3120 deo,
441 3040 607 3121 sumptum
626 3059 696 3101 esse
714 3037 952 3102 removendum.
980 3035 1064 3112 Quid
1078 3037 1187 3102 enim?

175 3127 404 3208 paupertatem
432 3146 530 3209 quom
558 3124 680 3189 divitiis
709 3125 809 3190 etiam
835 3125 921 3189 inter
944 3125 1092 3190 homines
1116 3147 1187 3190 csse

177 3211 346 3294 aequalem
372 3212 524 3296 velimus,
552 3234 608 3278 cur
636 3234 707 3277 eam
735 3217 868 3297 sumptu
896 3212 937 3278 ad
960 3235 1053 3278 sacra
1075 3213 1186 3278 addito

177 3297 310 3362 deorum
342 3300 432 3364 aditu
465 3301 653 3366 arceamus?
685 3301 878 3385 praesertim
911 3323 1008 3385 quom
1035 3301 1099 3386 ipsi
1127 3301 1186 3367 deo
1200 3319 1224 3360 ³⁵

176 3384 259 3448 nihil
286 3386 393 3451 minus
422 3392 554 3473 gratum
579 3387 727 3452 futurum
755 3389 798 3452 sit
826 3410 924 3472 quam
946 3411 1012 3454 non
1036 3389 1186 3455 omnibus

177 3475 289 3555 patere
321 3473 363 3536 ad
394 3496 429 3539 se
460 3476 654 3561 placandum
686 3480 719 3541 et
751 3477 921 3541 colendum
947 3476 1044 3543 viam
1094 3476 1185 3553 Quod
