2580 3874
180 124 227 190 40
497 122 547 177 DE
565 123 718 178 NATURA
735 123 891 178 DEORUM
940 161 956 176 μ

179 267 322 333 Puderet
344 289 396 333 me
419 267 523 332 dicere
545 289 612 333 non
633 268 834 432 intelleqere,
856 267 886 333 si
906 289 965 333 vos
983 267 1049 353 ipsi
1065 268 1200 334 intelle·

183 357 317 444 geretis,
345 355 402 441 qui
427 357 494 421 ista
521 355 701 420 defenditis.
775 378 817 422 uo
841 356 937 421 modo
961 357 1047 421 enim
1069 357 1198 442 probas

182 445 386 512 continenter
411 444 571 532 imagines
598 444 698 510 ferri?
731 448 801 530 aut,
828 445 857 509 si
879 445 1095 529 continenter,
1127 467 1198 529 quo

182 533 279 600 modo
307 533 480 598 aeternae?
524 531 824 617 Innumerabilitas,
852 532 974 618 inquis,
1004 533 1199 617 suppeditat

183 626 375 687 atomorum.
410 619 500 686 Num
518 621 631 685 eadem
649 641 727 706 ergo
746 621 812 686 ista
824 620 931 704 faciet,
949 625 987 686 ut
1002 621 1069 721 sint
1083 622 1231 687 omnies

183 706 1198 884 11111111111111131111111111111

181 890 301 952 natura
319 885 478 968 mortalis,
495 885 705 949 inmortalem
724 885 823 950 etiam
842 906 913 950 esse
927 889 1086 970 oportere.
1121 885 1197 952 Isto

182 974 288 1058 modo,
312 973 465 1059 quoniam
487 972 635 1038 homines
658 973 814 1038 mortales
834 976 919 1057 sunt,
942 974 1009 1038 sint
1026 974 1129 1059 aliqui
1147 975 1198 1040 in·

183 1062 352 1146 mortales,
385 1064 418 1126 et
448 1061 602 1146 quoniam
629 1065 807 1126 nascuntm
829 1061 988 1146 interra,
1016 1067 1198 1128 nascautur
1213 1085 1248 1125 10
1276 1097 1277 1100 =

181 1153 217 1216 in
239 1142 333 1234 aqua.
356 1185 399 1197 -
421 1149 467 1214 Elt
490 1149 567 1233 quia
589 1153 666 1214 sunt
689 1171 771 1234 quae
793 1150 997 1235 interimant,
1020 1151 1088 1216 sint
1110 1173 1197 1236 quae

182 1242 384 1306 conservent.
397 1275 439 1284 -
454 1234 527 1301 Sint
546 1259 632 1321 sane,
651 1239 708 1303 sed
726 1259 765 1303 ea
783 1243 983 1323 conservent,
1002 1260 1085 1323 quae
1102 1243 1197 1324 sunt,

133 1343 184 1392 110
199 1329 276 1393 deos
298 1327 381 1392 istos
405 1347 474 1390 esse
496 1347 564 1390 non
586 1326 700 1391 sentio.
737 1325 850 1391 Omnis
873 1330 984 1392 tamen
1001 1326 1066 1392 ista
1083 1349 1197 1394 rerum

183 1416 309 1504 effigies
344 1437 383 1480 ex
413 1412 587 1478 individuis
621 1436 683 1499 quo
716 1414 812 1480 modo
845 1415 1034 1500 corporibus
1066 1415 1195 1482 oritur?

183 1526 265 1591 quae
288 1502 418 1569 etiamsi
436 1505 557 1586 essent,
586 1524 668 1587 quae
689 1503 782 1567 nulla
805 1507 894 1588 sumt,
916 1504 1038 1588 pellere
1062 1525 1096 1568 se
1119 1504 1244 1590 ipsura

183 1597 217 1658 11
239 1591 360 1679 agitari
380 1591 467 1655 inter
490 1611 525 1655 se
543 1612 700 1656 concursu
717 1590 858 1656 fortasse
876 1595 1019 1676 possent,
1040 1591 1195 1678 formare,

182 1682 333 1768 figurare,
356 1679 511 1762 colorare,
535 1679 678 1744 animare
701 1701 767 1744 non
789 1681 932 1764 possent.
970 1677 1071 1744 Nullo
1089 1681 1195 1766 igitur

130 1773 173 1836 40
183 1769 279 1834 modo
306 1768 515 1832 inmortalem
542 1766 638 1831 deum
665 1766 802 1832 efficitis.
846 1766 1022 1832 Videamus
1044 1789 1131 1834 nunc
1155 1769 1193 1834 de
1276 1775 1277 1782 ’

182 1859 289 1923 beato.
334 1852 410 1919 Sine
437 1854 558 1921 virtute
586 1858 672 1920 certe
698 1856 791 1920 nullo
816 1855 926 1940 modo,
953 1855 1057 1921 virtus
1082 1860 1193 1922 autem
1276 1855 1277 1858 ’

182 1949 330 2028 actuosa,
361 1946 395 2008 et
423 1943 501 2008 deus
528 1945 636 2008 vester
662 1943 746 2007 nihil
774 1964 888 2029 agens3
918 1965 1031 2028 expers
1058 1945 1240 2010 virtutisne

131 2034 311 2120 111igitur3
333 2031 382 2096 ita
402 2053 445 2096 ne
467 2031 582 2096 beatus
606 2031 744 2116 quidem.
786 2029 874 2106 Quas
897 2052 975 2117 ergo
998 2032 1090 2098 vita?
1114 2031 1195 2119 Sup·
1276 2099 1277 2102 ,

133 2149 136 2156 ’
181 2120 354 2207 peditatio,
376 2119 494 2204 inquis,
516 2120 676 2184 bonorum
697 2121 790 2185 nullo
813 2119 975 2184 malorum
997 2120 1195 2188 interventu.
1276 2155 1277 2162 1

182 2209 327 2285 Quorum
344 2207 477 2272 taudem
494 2207 676 2272 bonorum?
707 2208 932 2294 Voluptatum,
955 2208 1058 2292 credo,
1075 2231 1196 2296 nempe

182 2297 224 2363 ad
242 2317 359 2382 corpus
377 2295 625 2380 pertinentium3
641 2297 768 2361 nullam
788 2296 874 2361 enim
887 2296 1027 2360 novistis
1041 2296 1107 2361 nisi
1119 2321 1196 2383 pro·
1276 2349 1277 2354 η

181 2386 301 2452 lectam
316 2406 336 2449 a
350 2405 484 2469 corpore
498 2386 531 2448 et
544 2383 733 2449 redeuntem
747 2384 789 2449 ad
801 2405 918 2469 corpus
933 2383 1034 2448 animi
1044 2385 1196 2471 volupta
1209 2406 1237 2448 11

182 2479 258 2540 tem.
287 2471 363 2538 Non
378 2471 520 2537 arbitror
533 2476 576 2556 te,
589 2471 705 2557 Vellei,
720 2472 860 2538 similem
874 2493 944 2537 esse
958 2472 1196 2558 Epicureorum

182 2563 391 2646 reliquorum,
404 2581 486 2644 quos
499 2581 563 2626 aon
575 2561 697 2645 pudeat
711 2559 911 2644 quarumdam
920 2559 1055 2645 Epicuri
1067 2583 1195 2648 vocum,

183 2651 300 2736 quibus
318 2649 376 2713 1111
394 2650 536 2712 testatur
554 2669 588 2712 11
605 2669 647 2712 ne
664 2648 855 2734 intellegere
873 2648 1003 2732 quidem
1018 2649 1124 2715 ullum
1138 2651 1196 2717 bo·
1276 2653 1277 2706 ἶ

181 2761 269 2822 num,
293 2736 379 2821 quod
397 2735 441 2801 sit
459 2736 640 2801 seiunctum
659 2759 679 2800 a
696 2736 843 2802 delicatis
862 2741 897 2802 et
914 2737 1062 2803 obscenis
1081 2739 1196 2824 volup·
1276 2745 1277 2816 ᾗ

182 2827 321 2909 tatibus3
340 2845 420 2909 quas
440 2823 570 2908 quidem
582 2845 650 2889 non
663 2825 853 2890 erubescens
867 2825 1073 2910 persequitur
1087 2829 1195 2893 omnis
1209 2849 1236 2888 ro
1276 2837 1277 2884 1

133 2929 184 2978 111
197 2913 401 2979 nominatim.
446 2909 549 2987 Quem
579 2912 686 2978 cibum
714 2913 816 2999 igitur
845 2916 902 2978 aut
931 2936 1012 2999 quas
1042 2914 1195 3000 potiones

183 3007 239 3068 aut
258 3023 338 3087 quas
357 3022 473 3066 vocum
492 3003 549 3065 aut
567 3001 685 3065 florum
703 3002 878 3067 varietates
898 3006 955 3067 aut
974 3024 1056 3086 quos
1075 3005 1196 3089 tactus,
1276 3021 1277 3084 1

183 3111 264 3175 quos
287 3088 402 3154 odores
426 3088 595 3154 adhibebis
619 3089 660 3154 ad
683 3089 774 3174 deos,
802 3093 839 3156 ut
862 3111 916 3154 eos
940 3090 1116 3175 perfundas
1140 3114 1196 3158 vo·
1276 3085 1277 3120 ¹

181 3177 389 3263 luptatibus?
438 3177 484 3241 Et
515 3181 632 3262 pottae
665 3177 795 3263 quidem
828 3180 952 3258 [nectar
980 3180 1194 3263 ambrosiam]

182 3266 294 3351 epulas
323 3268 502 3349 conparant
529 3269 562 3330 et
584 3269 642 3331 aut
664 3265 869 3332 Iuventatem
892 3270 949 3331 aut
973 3265 1194 3352 Ganymedem
1209 3287 1234 3329 11
1276 3263 1277 3318 l

205 3354 299 3419 ocula
321 3353 575 3438 ministrantem,
598 3357 636 3419 tu
660 3358 778 3439 autem,
800 3354 949 3440 Epicure,
973 3355 1050 3440 quid
1072 3355 1194 3424 facies?

215 3463 296 3526 eque
320 3441 418 3526 enim,
445 3441 530 3507 unde
552 3442 674 3508 habeat
695 3443 762 3507 ista
784 3442 862 3508 deus
885 3447 974 3530 tuus,
1001 3442 1109 3530 video,
1137 3469 1197 3513 nec
