2610 3894
118 162 122 172 ¹
168 160 232 226 126
476 158 526 213 ΒΕ
543 159 698 216 NATURA
715 158 871 216 DEORUM

165 304 313 370 Minerva
335 303 523 389 Apollinem
546 325 629 387 eum,
651 303 741 369 cuius
764 304 801 368 in
821 303 928 369 tutela
950 304 1098 370 Athenas
1122 327 1179 370 au·

167 394 251 478 tiqui
281 392 430 459 historici
462 413 532 457 esse
559 393 746 476 voluerunt,
779 392 937 457 secundus
964 391 1042 458 Nilo
1069 396 1178 477 natus,
1298 389 1299 454 l

166 481 307 565 Phthas,
333 485 371 546 ut
393 480 550 566 Aegyptii
578 481 760 567 appellant,
790 501 886 564 quern
913 481 1080 547 custodem
1106 502 1178 546 esse

166 570 312 656 Aegypti
334 569 462 653 volunt,
485 568 602 633 tertius
626 590 665 634 ex
687 568 786 632 tertio
808 567 886 634 Iove
910 573 944 633 et
965 567 1097 653 Iunone,
1120 569 1178 654 qui
1298 591 1299 594 ¹

165 657 280 724 Lemni
308 656 451 722 fabricae
479 656 621 722 traditur
642 655 836 741 praefuisse,
863 660 998 740 quartus
1021 657 1177 722 Memalio
1205 674 1219 718 s

165 749 277 830 natus,
301 745 357 830 qui
379 744 486 810 tenuit
507 744 632 810 insulas
654 748 790 830 propter
812 743 971 829 Siciliam,
994 767 1076 829 quae
1099 744 1178 810 Vol·
1298 741 1299 746 ’

114 844 147 894 56
167 835 278 899 cuniae
309 832 571 898 nominabantur.
615 831 794 898 Mercurius
826 855 910 898 unus
941 831 1041 899 Ocelo
1072 836 1177 919 patre,

166 922 229 987 Die
251 924 485 1005 matronatus,
507 920 598 986 cuius
621 920 793 986 obscenius
815 921 957 986 excitata
974 924 1094 986 natura
1111 925 1178 986 tra-

167 1010 267 1093 ditur,
295 1009 381 1093 quod
408 1012 542 1093 aspectu
563 1008 779 1093 Proserpinae
801 1013 982 1075 commotus
1006 1010 1063 1093 sit,
1092 1011 1178 1075 alter

169 1096 316 1162 Valentis
339 1101 372 1162 et
391 1093 561 1162 Coronidis
584 1097 680 1179 filius,
702 1096 731 1161 is
755 1097 811 1181 qui
834 1098 894 1162 sub
917 1097 1014 1162 terris
1036 1097 1178 1163 habetur
1191 1115 1217 1156 1⁰

151 1186 252 1251 'idem
279 1184 499 1270 Trophonius,
526 1185 644 1251 tertius
667 1184 744 1250 Iove
771 1185 871 1251 tertio
896 1190 995 1252 natus
1024 1189 1058 1251 et
1079 1185 1178 1270 Maia,

167 1294 206 1339 ex
229 1295 293 1358 quo
316 1277 350 1338 et
371 1272 536 1358 Penelopa
553 1272 644 1339 Pana
664 1275 780 1338 natum
801 1273 920 1356 ferunt,
943 1278 1080 1359 quartus
1098 1273 1177 1339 Nilo

165 1366 269 1448 patre,
293 1383 389 1446 quem
407 1360 564 1447 Aegyptii
581 1361 676 1464 nefas
692 1361 815 1427 hubent
831 1361 1010 1464 nominare,
1034 1362 1178 1465 quintus,

167 1447 1217 1626 structutlarluuluuuuuuu1,

166 1627 222 1691 tiis
240 1627 330 1712 leges
350 1629 384 1691 et
401 1626 530 1690 litteras
549 1626 730 1692 tradidisse.
762 1624 857 1692 Hunc
873 1626 1031 1712 Aegyptii
1045 1627 1177 1693 Theuth

167 1715 344 1799 appellant,
367 1715 543 1799 eodemque
561 1715 692 1779 nomine
711 1714 788 1779 anni
805 1715 931 1799 primus
950 1715 1071 1780 mensis
1090 1715 1178 1801 apud

113 1813 146 1862 57
167 1822 222 1868 eos
245 1806 388 1868 vocatur.
433 1801 703 1887 Aesculapiorum
725 1801 850 1887 primus
873 1802 1052 1888 Apollinis,
1079 1826 1178 1888 quem
1221 1857 1224 1864 .

165 1890 308 1955 Arcades
344 1890 469 1974 colunt,
505 1890 561 1975 qui
593 1891 763 1975 specillum
785 1890 956 1980 ¹invenisse
987 1892 1177 1977 primusque
1298 1955 1299 1970 ,

165 1978 282 2043 volnus
310 1978 427 2044 dicitur
450 1978 662 2064 obligavisse,
690 1977 848 2044 secundus
871 1979 1002 2044 secundi
1023 1978 1177 2046 Mercurii
1191 1997 1217 2038 20

164 2066 282 2150 fratem
303 2066 332 2132 is
354 2065 491 2131 fulmine
514 2084 685 2151 percussus
709 2066 826 2131 dicitur
848 2066 1003 2132 humatus
1027 2089 1097 2133 esse
1115 2066 1177 2153 Uy-

165 2155 308 2238 nosuris3
329 2154 447 2218 tertius
469 2154 606 2239 Arsippi
628 2157 662 2220 et
684 2154 853 2239 Arsinoae,
877 2155 933 2239 qui
954 2155 1079 2241 primus
1102 2179 1178 2242 pur·

167 2242 333 2329 gationem
352 2242 419 2306 alvi
438 2242 607 2326 dentisque
624 2243 832 2326 evolsionem,
849 2246 888 2308 ut
904 2242 1023 2328 ferunt,
1041 2244 1177 2330 invenit,

166 2331 256 2396 euius
278 2330 314 2396 in
326 2329 468 2394 Arcadia
485 2351 552 2396 non
569 2331 667 2416 longe
685 2354 706 2396 a
722 2329 821 2395 Lusio
839 2331 972 2396 flumine
991 2333 1176 2418 sepulcrum

112 2419 200 2484 23et
240 2420 332 2484 lucus
372 2418 563 2484 ostenditur.
618 2419 810 2504 Apollinum
850 2419 1096 2504 antiquissimus
1137 2423 1177 2507 is,
1190 2435 1217 2478 2⁵
1298 2435 1299 2486 l

165 2507 503 2660 thmldltttffl
525 2505 713 2662 {Alth
728 2511 849 2661 butt
873 2508 1177 2663 illisffiltilld
1298 2543 1299 2546 Ὗ

164 2683 277 2769 Ureta,
307 2683 397 2749 cuius
427 2681 466 2750 de
479 2645 552 2748 'illa
578 2619 786 2751 insularbum
808 2682 885 2750 Ioue
914 2646 987 2769 ipsb
1010 2689 1177 2752 certamen

164 2772 266 2837 fuisse
296 2771 452 2855 traditur,
483 2771 600 2837 tertius
627 2771 705 2838 Iove
731 2772 832 2838 tertio
858 2775 956 2838 natus
984 2777 1018 2838 et
1039 2772 1176 2859 Latona,

165 2882 262 2945 quem
285 2881 324 2925 ex
342 2858 563 2944 Hyperboreis
581 2859 728 2946 Delphos
750 2859 861 2925 fenmt
881 2860 1059 2947 advenisse,
1082 2877 1215 2948 quar-³0
1298 2933 1299 2940 χ

164 2952 219 3014 tus
241 2949 277 3014 in
291 2947 441 3032 Arcadia,
464 2969 560 3032 quem
574 2947 717 3014 Arcades
731 2945 866 3031 Νόμιον
889 2949 1066 3035 appellant,
1089 2951 1176 3035 quod
1298 2953 1299 2966 ²

114 3045 147 3096 58
168 3036 210 3102 ab
233 3057 272 3101 eo
294 3055 330 3101 se
353 3037 443 3122 leges
464 3035 576 3102 ferunt
598 3037 767 3122 accepisse.
803 3033 929 3101 Dianae
951 3037 1031 3103 item
1053 3039 1175 3124 plures,
1298 3071 1299 3074 ¹

165 3123 272 3209 prima
288 3121 376 3189 Iovis
400 3127 433 3189 et
446 3123 669 3210 Proserpinae,
692 3145 774 3208 quae
796 3123 968 3208 pinnatum
983 3124 1175 3212 Cupidinem

164 3211 315 3364 {enuisse
339 3211 470 3295 dicitur,
492 3212 631 3278 secunda
652 3213 775 3298 notior,
798 3233 896 3296 quam
917 3212 996 3279 Iove
1018 3215 1117 3280 tertio
1142 3219 1175 3280 et

193 3303 292 3364 atone
313 3303 426 3365 natam
449 3300 641 3386 accepimus,
663 3300 782 3366 tertiae
804 3304 899 3385 pater
916 3299 1000 3387 Upis
1023 3303 1174 3389 traditur,
1188 3316 1216 3360 ³⁵

166 3386 288 3453 Glauce
314 3390 433 3472 mater;
461 3409 532 3453 eam
560 3408 656 3473 saepe
684 3387 800 3454 Graeci
826 3387 926 3474 Upim
952 3393 1091 3475 paterno
1117 3413 1175 3458 no·

165 3475 252 3540 mine
279 3476 456 3561 appellant.
501 3475 664 3561 Dionysos
693 3477 815 3543 multos
837 3476 1009 3562 habemus,
1031 3477 1175 3565 primum
