2590 3880
144 227 211 292 446
537 225 758 283 annuamus

145 371 252 456 plebi
273 371 398 437 libera
421 374 544 436 sunto.
584 369 672 447 Quae
693 372 746 436 lex
763 371 847 438 hano
865 367 1060 437 sententiam
1075 391 1152 438 oon·
1254 383 1255 396 ²

145 461 242 544 tinet,
264 462 302 524 ut
325 479 435 524 omnes
458 460 548 546 leges
570 461 682 543 tollat,
711 481 794 544 quae
816 463 931 545 postea
953 461 1040 525 latae
1063 461 1150 543 aunt,

146 569 228 632 qnae
254 549 372 634 tegunt
398 547 488 614 omni
509 545 636 613 ratione
659 548 862 634 suffragium,
891 570 932 614 ne
955 548 1027 633 quis
1050 547 1150 633 inspi·
1256 616 1267 651 Ιχ

146 636 212 701 eiat
233 637 400 721 tabellam,
422 657 463 700 ne
480 638 583 721 roget,
606 657 647 701 ne
665 637 821 721 appellet3
842 640 959 721 pontes
978 636 1078 702 etiam
1095 636 1149 700 lex
1256 696 1262 711 ,

93 740 128 790 aa
146 724 251 789 Maria
278 723 357 790 feeit
384 728 550 810 angustos.
595 722 684 799 Quae
711 724 740 789 si
767 725 918 809 opposita
944 729 1021 789 sunt
1047 723 1176 789 ambi-s

146 812 253 897 tiosis,
279 815 317 878 ut
339 815 416 877 sunt
436 811 517 894 fere,
546 833 612 876 non
634 812 846 897 reprehendo,
876 813 926 877 sin
948 811 1152 896 †valuerint

146 904 257 966 tamen
278 901 427 987 leges·ut
447 921 489 964 ne
511 899 574 964 sim
597 901 747 984 ambitus,
770 901 891 968 habeat
913 921 990 966 sane
1007 899 1147 986 populus
1268 942 1270 1014 ,

146 990 303 1055 tabellam
333 988 426 1072 quasi
456 987 614 1053 vindicem
641 989 817 1072 libertatis,
847 989 922 1054 dum
950 990 1045 1054 modo
1067 988 1146 1054 haec

147 1078 270 1163 optimo
294 1077 407 1161 cuique
428 1078 464 1141 et
485 1076 678 1162 gravissimo
701 1075 764 1142 eivi
786 1077 976 1142 ostendatur
996 1076 1147 1161 ultroque
1270 1050 1271 1114 l

147 1167 314 1248 offeratur,
340 1167 378 1228 ut
404 1164 439 1228 in
467 1185 504 1228 eo
532 1164 576 1229 sit
602 1165 673 1249 ipso
701 1165 851 1249 libertas,
877 1165 913 1230 in
939 1185 1002 1250 quo
1025 1165 1146 1250 populo
1161 1181 1187 1222 1⁰
1271 1158 1272 1224 l

146 1257 292 1338 potestas
310 1252 446 1318 honeste
464 1252 558 1317 bonis
577 1253 780 1339 gratificandi
799 1253 902 1318 datur.
933 1253 1045 1348 Qfl
1063 1253 1147 1318 nuno'
1272 1267 1273 1316 l

145 1340 297 1424 utillud,
320 1340 405 1424 quod
428 1362 448 1405 a
470 1344 504 1404 te
527 1342 631 1424 modo,
655 1339 780 1425 Quinte,
804 1341 925 1407 dictum
949 1346 1008 1425 est,
1030 1345 1067 1405 ut
1090 1341 1148 1406 mi·
1273 1374 1274 1400 l

145 1451 207 1495 nus
225 1430 345 1494 multos
363 1428 487 1494 tabella
505 1427 703 1514 oondemnet,
722 1451 819 1513 quam
838 1430 964 1495 solebat
982 1451 1053 1512 vox,
1072 1429 1148 1514 quia

145 1518 267 1604 populo
290 1517 385 1582 licere
408 1515 488 1582 satis
512 1521 570 1582 est.
610 1516 681 1582 Hoo
703 1520 829 1584 retento
852 1518 978 1602 reliqua
993 1519 1146 1583 voluntas

147 1606 334 1672 auctoritati
362 1608 418 1670 eut
445 1605 571 1692 gratiae
593 1605 741 1670 traditur.
786 1605 974 1690 Itaque-ut
995 1606 1146 1672 omittam
1160 1623 1186 1663 ιε

146 1695 320 1780 largitione
352 1697 505 1778 corrupta
534 1693 699 1779 suffragia,
732 1715 799 1759 non
828 1695 932 1778 vides,
963 1694 1146 1778 siquando

146 1784 288 1849 ambitus
312 1782 419 1864 sileat,
447 1782 558 1865 quaeri
584 1781 620 1846 in
642 1782 819 1868 suffragiis,
847 1780 924 1866 quid
946 1783 1062 1866 optimi
1084 1781 1147 1848 viri

147 1871 310 1936 sentiant?
347 1867 450 1946 Quam
474 1870 516 1935 ob
535 1889 603 1936 rem
622 1869 693 1956 lege
711 1874 826 1935 nostra
842 1871 1005 1936 libertatis
1024 1870 1145 1956 speeies

148 1960 251 2042 datur,
269 1955 446 2023 auotoritas
463 1958 622 2024 bonorum
636 1958 801 2043 retinetur,
819 1958 1034 2024 contentionis
1049 1979 1146 2024 eausa

94 2108 135 2173 18
146 2047 335 2199 tollfflrffle
355 2134 510 2218 sequitur,
533 2134 648 2219 quibus
667 2135 718 2200 ius
737 2135 780 2199 sit
799 2156 871 2201 oum
889 2137 1010 2222 populo
1029 2135 1147 2222 agendi
1159 2065 1186 2105 w

92 2187 203 2289 ¹10aut
225 2245 298 2289 oum
321 2226 449 2307 senatu3
471 2229 536 2288 tam
558 2223 668 2309 gravis
687 2226 728 2308 et,
750 2228 788 2288 ut
806 2224 956 2307 arbitror,
978 2224 1147 2309 praeclara

145 2312 211 2377 lex:
239 2311 323 2392 Quae
349 2331 418 2376 oum
439 2312 553 2394 populo
576 2332 747 2396 quaeque
770 2311 809 2375 in
830 2311 1009 2397 patribus
1033 2333 1147 2398 agon·

144 2404 221 2484 tur,
253 2399 400 2466 modica
428 2403 555 2484 sunto,
585 2399 619 2463 id
645 2403 696 2464 est
722 2400 869 2464 modesta
896 2403 993 2484 atquo
1020 2399 1145 2484 sedata3

146 2491 236 2553 actor
258 2488 344 2552 enim
366 2486 552 2553 moderatur
574 2491 607 2552 et
628 2487 724 2574 fingit
745 2509 811 2553 non
834 2488 929 2552 modo
948 2492 1088 2553 mentem
1107 2509 1145 2553 ao
1158 2505 1185 2545 2⁶

144 2577 345 2659 voluntates,
373 2576 428 2640 sed
451 2595 552 2660 paene
574 2575 683 2640 vultus
707 2598 831 2659 eorum,
853 2576 939 2660 apud
962 2598 1042 2661 quos
1066 2576 1144 2662 agit.

145 2663 238 2741 Quod
256 2665 358 2728 estin
376 2668 491 2728 senatu
508 2685 574 2728 non
592 2663 732 2747 difficile,
754 2667 804 2728 est
822 2665 907 2728 enim
925 2664 995 2749 ipse
1014 2669 1145 2730 senator

144 2753 183 2837 is,
201 2753 290 2818 ouius
308 2773 374 2817 non
392 2750 433 2816 ad
447 2754 610 2817 auctorem
623 2752 781 2817 referatur
796 2753 930 2836 animus,
949 2753 1004 2817 sed
1018 2753 1074 2837 qui
1087 2773 1145 2837 per

145 2863 180 2906 ae
201 2841 271 2927 ipae
295 2840 434 2925 spectari
456 2839 545 2904 velit.
580 2838 665 2905 Huio
687 2840 775 2905 iussa
797 2840 862 2904 tria
880 2843 968 2905 sunt:
991 2844 1027 2905 ut
1045 2840 1144 2925 adsit3

144 2951 221 2995 nam
248 2929 442 3016 gravitatem
465 2947 517 2992 res
539 2927 651 3010 habet,
681 2949 778 3013 quom
804 2928 955 3013 frequens
979 2929 1057 2993 ordo
1080 2932 1143 3013 est3
1157 2945 1185 2986 ω

145 3021 182 3082 ut
200 3019 271 3083 loeo
290 3017 385 3100 dieat,
402 3016 436 3082 id
454 3020 504 3080 est
521 3020 670 3102 rogatus,
688 3020 725 3080 ut
741 3017 846 3100 modo,
865 3039 906 3082 ne
924 3017 968 3081 sit
985 3016 1144 3102 infinitus3

144 3127 221 3170 nam
250 3106 392 3170 brevitas
418 3126 484 3171 non
511 3106 605 3170 modo
633 3105 806 3189 senatoris,
835 3105 891 3170 sed
917 3105 1016 3191 etiam
1039 3109 1145 3170 orato·

144 3195 190 3257 ris
222 3215 340 3278 magna
367 3193 439 3258 laus
466 3193 577 3258 estin
605 3193 773 3258 sententia,
818 3191 887 3258 Neo
913 3198 964 3258 est
990 3215 1144 3278 umquam

144 3281 244 3366 longa
277 3281 422 3346 oratione
455 3281 623 3365 utendum,
655 3281 719 3346 nisi
755 3285 811 3346 aut
845 3285 997 3366 peooante
1029 3286 1145 3347 senatu

145 3366 245 3451 (quod
261 3367 300 3431 fit
319 3368 494 3434 ambitione
513 3369 714 3456 saepissime)
733 3369 824 3434 nullo
844 3371 1039 3457 magistratu
1057 3370 1144 3435 adiu·
1157 3385 1183 3428 ³³

145 3458 241 3518 vante
264 3455 338 3519 tolli
360 3454 444 3519 diem
467 3457 547 3520 utile
571 3461 629 3541 est,
652 3461 709 3522 aut
732 3479 830 3541 quom
850 3461 944 3522 tanta
966 3481 1063 3524 causa
1085 3460 1144 3540 est,

145 3544 182 3603 ut
214 3563 294 3624 opus
322 3541 366 3605 ait
393 3544 532 3608 oratoris
559 3545 652 3630 oopia
673 3546 725 3610 vel
748 3545 1006 3611 adhortandum
1028 3548 1080 3612 vel
1103 3547 1144 3611 ad
