2528 3880
312 184 379 242 LIB.
398 185 447 241 III.
467 183 542 241 GAP.
564 191 675 240 10-12.
694 190 709 251 ἓ
729 190 841 240 17-22.
1011 184 1076 250 339

133 328 182 394 Ni
208 328 307 409 fallor
334 329 431 406 euim,
460 347 549 394 omne
576 348 704 411 repuum
729 327 776 392 uel
801 329 965 409 imperium
991 327 1078 394 bellis

65 417 228 498 quaeritur
253 421 284 482 et
308 417 444 482 oiommis
465 422 668 499 propopatur.
712 415 811 480 Porro
838 417 916 482 bello
936 420 966 480 et
986 417 1076 481 uicto·

65 505 134 568 m'ae
156 506 256 586 captis
279 510 308 570 et
329 505 438 570 eversis
454 505 631 586 plurimum
647 504 773 570 urbibus
790 508 936 569 constant.
967 503 1010 568 Id
1025 525 1076 569 ne·
1131 559 1143 578 .

63 594 184 674 polium
219 593 286 658 sine
316 593 442 657 deorum
471 593 594 657 iniuria
623 611 687 658 non
716 596 776 669 est‚·
814 593 931 658 eaedem
961 596 1078 674 strapes

39 681 223 744 sueoniam
250 685 280 744 et
301 681 496 763 templorum,
519 700 613 762 pares
635 680 738 745 caedes
759 680 872 745 ciuium
893 685 923 745 et
941 682 1078 745 sacerdo

67 773 134 832 tum
156 788 212 832 nec
234 769 400 834 dissimiles
420 769 552 850 rapinae
571 788 734 833 sacrarum
756 769 937 834 diuitiarum
959 773 988 832 et
1002 789 1077 851 pro-

64 857 229 936 fanarum.
277 855 336 920 Tot
362 857 457 938 ipitru
483 857 645 938 sacrilepia
667 855 892 934 Romanorum,
919 861 993 937 quot
1018 860 1078 921 tro-

60 965 155 1026 paea,
179 948 224 1008 tot
239 945 277 1008 de
291 945 348 1022 dis,
371 948 445 1025 quot
460 944 497 1008 de
511 945 658 1026 pentibus,
676 943 833 1026 triumpbi,
852 949 895 1009 tot
906 944 1078 1028 manubiae,

66 1037 141 1113 quot
176 1037 306 1096 manent
339 1031 440 1096 adbuc
473 1032 643 1096 simulacra
678 1037 836 1112 captorum
871 1032 996 1097 deorum
1027 1037 1079 1096 etc.

28 1137 53 1175 1⁰
66 1120 300 1203 (Tertullianus
321 1120 438 1202 apolop.
460 1121 504 1184 25
520 1141 554 1201 p.
576 1123 640 1184 164
664 1119 762 1202 Oebl.)

67 1207 134 1289 [15.
149 1209 199 1290 24]
269 1205 452 1287 Carneades,
469 1208 617 1290 quoniam
634 1213 723 1272 nant
733 1208 871 1289 irrfirmu,
888 1228 966 1288 quoe
978 1229 999 1272 o
1006 1207 1078 1291 pbi-
1098 1220 1127 1270 21

67 1296 204 1378 losopbis
230 1295 464 1374 adserebantur,
491 1297 602 1361 sumsd
623 1296 787 1360 audaciam
808 1295 976 1376 refellendi,
1004 1298 1080 1377 quia

66 1385 169 1465 refelli
194 1404 286 1466 posse
311 1384 469 1449 intelleait.
513 1383 596 1448 Eius
622 1384 839 1465 disputationis
864 1403 987 1448 summa
1008 1384 1081 1448 baec

64 1473 149 1553 fuit:
167 1473 243 1537 iura
260 1472 321 1538 sibi
337 1471 475 1538 bomines
481 1492 542 1553 pro
554 1472 687 1536 utilitate
700 1473 847 1550 sonnisse,
865 1473 979 1536 scilicet
989 1474 1080 1536 uaria

29 1575 53 1614 1⁵
60 1581 124 1643 pro
141 1559 281 1625 moribus
298 1565 328 1624 et
343 1561 429 1642 opud
444 1561 560 1624 eosdem
572 1579 632 1642 pro
654 1559 836 1641 temporibus
848 1579 935 1641 saepe
952 1565 1080 1637 munta,

67 1651 118 1714 ius
136 1653 242 1713 auum
258 1649 404 1713 naturale
416 1667 478 1712 csse
490 1648 628 1724 nullum;
647 1667 749 1711 omncs
766 1651 795 1710 et
810 1647 946 1712 bomines
959 1653 988 1712 et
999 1648 1081 1713 alias

67 1738 246 1802 animantes
273 1737 317 1800 ad
341 1736 489 1800 utilitates
514 1754 588 1799 suus
608 1739 725 1799 natura
746 1736 870 1798 ducente
889 1736 984 1814 ferri,·
1005 1757 1080 1818 pro·

66 1827 140 1890 inde
163 1829 222 1889 out
241 1824 364 1888 nullom
386 1843 449 1887 csse
470 1823 623 1888 iustitiam
645 1827 714 1900 aut,
741 1824 771 1887 si
792 1824 834 1886 sit
855 1823 976 1904 aliqua,
998 1844 1080 1889 sum

67 1935 156 1978 marn
182 1932 246 1977 esse
271 1912 450 1988 stultitiam,
479 1911 625 1991 quoniam
652 1911 712 1975 sabi
732 1915 849 1974 noceret
870 1912 981 1976 olienis
1003 1932 1080 1976 com-

30 2002 171 2066 comodis
192 2000 363 2065 consulens.
397 1999 445 2063 Et
465 1998 613 2077 inferebat
633 1997 706 2062 baec
723 2004 919 2080 orpumenta:
942 2001 1082 2064 omnibus

61 2089 207 2172 populis,
229 2088 285 2170 qui
306 2087 451 2168 florerent
471 2087 611 2168 imperio,
638 2092 667 2149 et
687 2084 839 2150 Romam
861 2107 975 2168 quoque
996 2089 1082 2169 ipsis,

67 2180 123 2260 qui
146 2177 241 2242 totius
263 2175 346 2240 orbis
361 2175 546 2256 potirentur,
568 2175 598 2238 si
619 2175 694 2238 iusti
713 2173 809 2238 uelint
831 2194 899 2252 esse,
922 2175 977 2240 boc
993 2178 1082 2242 estsi

67 2267 175 2331 aliena
197 2264 372 2340 restituant,
394 2263 438 2326 ad
458 2281 546 2327 casas
567 2280 629 2325 esse
650 2263 836 2326 redeundum
859 2268 888 2328 et
904 2264 939 2327 in
957 2269 1082 2345 apostate

67 2375 106 2420 aa
127 2353 267 2418 numerius
288 2351 460 2416 iacendum.
486 2348 684 2430 (Lactantius
697 2351 766 2414 inst.
785 2352 844 2415 clia
864 2351 957 2416 V·16.
970 2351 1083 2436 2-4.)

32 2457 55 2496 τῦ
136 2439 273 2506 Sublata
293 2438 454 2503 bominum
475 2437 635 2501 concordia
656 2439 754 2501 urbis
775 2438 865 2501 nullo
885 2443 929 2502 cst
950 2441 1132 2504 omninum

69 2530 159 2610 Qicae
176 2532 253 2594 sunt
268 2528 351 2592 enim
359 2526 487 2608 patriae
499 2526 655 2588 commoda
668 2526 731 2589 nisi
744 2525 871 2588 alterius
884 2527 1016 2591 ciuitatis
1028 2532 1085 2592 aut

64 2619 170 2700 pontis
191 2613 411 2681 incommoda?
438 2614 473 2677 id
492 2617 538 2677 est
556 2612 633 2693 fines
649 2632 824 2694 propapare
844 2612 919 2678 aliis
940 2615 1084 2679 uiolenter

67 2709 201 2787 ereptos,
229 2722 341 2786 mucre
365 2701 543 2782 imperium,
569 2701 728 2781 uectipalio
746 2701 847 2780 facere
868 2701 1010 2765 meliora.
1025 2752 1033 2767 .
1047 2751 1077 2767 ..

67 2793 161 2858 Haec
183 2793 299 2872 itaque,
320 2794 357 2854 ut
373 2789 435 2871 ipsi
451 2787 617 2868 appellant,
640 2788 719 2851 bono
736 2788 874 2869 quisquis
886 2790 1012 2869 patriae
1029 2791 1083 2854 ad-

32 2895 55 2936 ³⁰
67 2881 223 2963 quisinit,
241 2878 298 2942 boc
310 2882 356 2942 est
367 2877 478 2940 euersis
491 2875 663 2938 civitatibus
673 2875 868 2957 pentibusque
881 2877 983 2940 deletis
996 2897 1083 2940 aero-

67 2971 157 3034 rium
173 2967 313 3050 pecunia
334 2964 495 3044 referserit,
518 2982 608 3043 apros
629 2963 747 3044 ceperit,
770 2964 847 3028 cives
868 2983 939 3028 suos
958 2964 1083 3044 locuple-

69 3059 165 3122 tiores
181 3055 297 3136 fecerit,
314 3051 365 3117 bic
382 3050 525 3115 laudibus
540 3050 641 3128 fertior
653 3051 689 3113 in
702 3051 827 3128 melum,
842 3051 879 3114 in
891 3051 946 3115 boc
952 3056 1085 3133 putatur

67 3165 197 3211 mmma
224 3147 255 3208 et
274 3141 414 3224 perfecta
435 3157 497 3202 esse
517 3138 630 3213 oirtns;
656 3139 711 3219 qui
733 3159 817 3203 orror
838 3159 901 3202 non
923 3141 1011 3204 modo
1027 3160 1084 3221 po-

62 3234 139 3317 puli
165 3236 197 3297 et
224 3229 451 3312 inperitorum,
477 3225 531 3289 sed
556 3225 649 3288 etiam
672 3225 919 3308 pbilosophorum
946 3233 1002 3305 est,
1030 3228 1083 3309 qui

35 3323 234 3404 3⁵praccepta
263 3335 381 3399 quoque
409 3315 486 3378 dant
513 3313 556 3376 ad
582 3313 782 3390 iniustitiam,
811 3335 849 3378 ne
876 3315 1023 3378 stultitiae
1049 3333 1084 3378 oc

67 3410 215 3474 malitiae
232 3405 415 3486 discipliuae
431 3401 598 3465 brionnus
615 3401 699 3465 desit.
725 3398 923 3483 (Lactamius
940 3403 1008 3467 inst.
1024 3403 1075 3466 diu

817 3593 873 3648 22*
