2610 3894
316 121 385 174 LIB
404 121 439 178 II.
460 119 537 179 cAP.
557 128 849 190 37-39505-100.
1049 123 1091 190 81

66 287 153 351 quae
180 271 305 350 quanto
328 265 464 332 consilio
489 270 657 352 gerantur,
680 267 773 332 nullo
797 267 933 333 consilio
958 267 1094 370 adsequi

64 355 271 440 possumus?
316 353 384 439 An,
417 376 491 420 oum
522 355 763 420 machinatione
794 357 935 439 quadam
967 357 1093 423 moveri

65 443 199 526 aliquid
220 442 382 527 ridemus,
406 445 444 507 ut
467 442 654 544 sphaeram,
677 446 715 508 ut
736 443 849 528 horas,
872 448 910 508 ut
933 444 999 510 alia
1021 467 1093 529 per·

65 531 195 616 multa,
226 552 295 596 non
316 531 518 616 dubitamus,
542 532 621 615 quin
642 532 703 596 illa
726 553 826 617 opera
848 533 916 597 sint
938 533 1093 617 rationis;

39 637 144 685 soum
175 621 288 684 autem
315 618 476 704 impetum
503 620 586 684 caeli
612 641 686 686 cum
714 620 901 685 admirabili
924 621 1092 686 celeritate

65 707 201 772 moveri
222 707 370 794 vertique
393 707 561 772 videamus
584 709 849 773 constantissime
868 709 1093 774 conficientem

64 795 317 861 vicissitudines
341 796 579 860 anniversarias
602 818 677 862 cum
695 818 824 861 summa
841 797 949 863 salute
968 801 1002 862 et
1019 819 1093 864 oon-

66 884 263 949 servatione
290 905 400 949 rerum
428 884 587 969 omnium,
619 884 820 969 dubitamus,
853 886 932 970 quin
960 908 999 950 ea
1024 908 1093 951 non

66 973 180 1038 solum
213 972 340 1038 ratione
372 973 468 1055 fiant,
501 972 557 1037 sed
589 972 688 1038 etiam
720 973 892 1039 excellenti
919 973 1093 1058 divinaque

30 1079 54 1120 10
66 1061 225 1126 ratione?
248 1060 325 1126 licet
348 1060 434 1126 cuim
456 1061 524 1126 iam
546 1065 673 1126 remota
696 1062 880 1127 subtilitate
903 1062 976 1147 disp
977 1065 1015 1126 ut
1000 1062 1093 1126 tandi
1111 1073 1148 1123 98

67 1149 177 1214 oculis
199 1148 339 1233 quodam
353 1148 450 1214 modo
465 1149 681 1234 contemplari
693 1149 838 1234 pulchrit
824 1150 969 1215 tudinem
983 1173 1092 1215 rerum

68 1259 198 1321 earum,
222 1259 302 1322 quas
327 1235 437 1302 divina
459 1237 665 1323 providentia
687 1238 823 1303 dicimus
847 1260 953 1304 consr
926 1239 1052 1304 titutas

137 1326 192 1391 Ac
223 1325 385 1410 principio
416 1329 506 1392 terra
536 1327 689 1391 universa
720 1329 831 1392 cernat
833 1350 884 1411 ur,
916 1327 1026 1392 locata
1057 1328 1146 1393 11139

69 1414 183 1479 media
208 1413 281 1478 sede
304 1413 430 1499 mundi,
452 1413 559 1479 solida
582 1418 616 1479 et
638 1415 777 1501 globosa
800 1418 834 1479 et
855 1377 1030 1500 uirdique
1019 1437 1094 1500 rpsa

31 1502 104 1566 nin
128 1523 205 1567 sese
228 1502 363 1567 nutibus
387 1502 455 1566 suis
477 1502 688 1588 conglobata,
710 1503 832 1568 vestita
854 1503 998 1588 fioribus,
1021 1502 1094 1568 her-

69 1591 138 1674 bis,
163 1590 353 1675 arboribus,
374 1590 540 1676 frugibus,
563 1613 702 1675 quorum
725 1591 870 1656 omnium
892 1590 1093 1656 incredibilis

69 1677 255 1744 multitudo
277 1678 460 1744 insatiabili
481 1679 642 1744 varietate
661 1679 881 1764 distinguitur.
917 1678 1010 1744 Adde
1028 1680 1093 1746 huc

69 1766 219 1833 fontium
243 1766 368 1854 gelidas
391 1768 633 1852 perennitates,
652 1768 796 1852 liquores
819 1767 1003 1852 perlucidos
1027 1791 1094 1834 am·

70 1855 175 1940 nium,
199 1855 345 1939 riparum
367 1856 506 1920 vestitus
525 1855 751 1941 viridissimos,
773 1857 1002 1941 speluncarum
1020 1879 1094 1923 con·

34 1959 59 1999 ²⁰
73 1965 173 2010 cavas
203 1943 406 2028 altitudines,
434 1966 586 2010 saxorum
609 1944 821 2029 asperitates,
846 1944 1094 2029 inpendentium

72 2033 241 2098 montium
264 2033 454 2098 altitudines
477 2033 767 2117 inmensitatesque
786 2055 988 2118 camporum3
1012 2033 1094 2098 addo

74 2122 179 2186 etiam
210 2121 393 2186 reconditas
422 2121 493 2186 auri
520 2121 713 2207 argentique
740 2143 840 2186 venas
866 2121 1094 2207 infinitamque

73 2210 142 2274 vim
167 2209 350 2274 marmoris.
392 2207 481 2284 Quae
504 2231 581 2274 vero
605 2213 639 2274 et
661 2230 759 2293 quam
782 2208 874 2275 varia
897 2231 1018 2295 genera
1040 2211 1094 2275 be
1112 2221 1146 2271 aa

73 2298 218 2363 stiarum
236 2298 288 2362 rel
307 2297 450 2363 cicurum
468 2297 521 2362 vel
538 2297 695 2362 ferarum!
715 2298 772 2381 qui
784 2298 966 2363 volucrium
980 2299 1093 2384 lapsus

39 2389 179 2471 suaeque
208 2387 337 2452 cantusl
370 2386 426 2470 qui
452 2385 612 2470 pecudum
638 2386 768 2471 pastus!
801 2408 883 2471 quae
905 2386 976 2451 rita
999 2387 1094 2451 silve

74 2475 211 2539 atrium!
256 2472 340 2550 Quid
368 2474 436 2540 iam
465 2474 504 2538 de
533 2473 703 2539 hominum
732 2494 849 2559 genere
877 2473 1004 2540 dicam?
1037 2473 1094 2559 qui

76 2562 175 2647 quasi
207 2562 348 2627 cultores
380 2565 487 2627 terrae
519 2563 692 2627 constituti
722 2583 789 2627 non
819 2562 990 2648 patiuntur
1020 2583 1094 2626 eam

74 2673 135 2717 nec
165 2651 359 2716 inmanitate
386 2651 557 2716 beluarum
585 2650 713 2714 efferari
740 2672 799 2716 nec
826 2649 978 2735 stirpium
1004 2661 1110 2733 aspe'

77 2740 180 2806 ritate
202 2740 341 2824 vastari,
365 2760 566 2824 quorumque
589 2738 743 2824 operibus
767 2737 847 2823 agri,
870 2738 996 2802 insulae
1019 2737 1095 2803 lito

41 2840 181 2913 wraque
210 2828 372 2893 collucent
401 2827 556 2892 distincta
578 2827 675 2892 tectis
698 2829 732 2890 et
754 2826 899 2892 urbibus.
944 2824 1034 2901 Quae
1057 2824 1095 2910 si,

77 2920 116 2981 ut
139 2915 268 3001 animis,
290 2916 338 2981 sic
361 2917 464 2982 oculis
488 2914 597 2980 videre
619 2935 803 3000 possemus,
824 2934 920 2978 nemo
944 2917 1095 2980 cunctam

78 3004 211 3070 intuens
233 3006 356 3069 terram
379 3004 418 3070 de
441 3003 552 3070 divina
573 3002 701 3068 ratione
728 3002 902 3067 dubitaret.
943 3001 990 3067 At
1006 3024 1085 3068 vero
1097 3013 1149 3062 100

80 3096 205 3176 quanta
234 3092 334 3158 maris
358 3096 409 3158 est
430 3091 653 3177 pulchritudo!
686 3111 768 3174 quae
792 3090 914 3176 species
937 3090 1095 3156 universi!

82 3202 164 3266 quae
192 3180 368 3246 multitudo
396 3183 430 3246 et
456 3180 599 3246 varietas
622 3179 817 3244 insularum!
846 3199 929 3263 quae
953 3180 1095 3244 amoeni·

45 3281 70 3324 δῦ
82 3272 167 3335 tates
197 3291 329 3335 orarum
356 3291 394 3334 ac
420 3269 569 3335 litorum!
602 3271 682 3353 quot
705 3288 826 3353 genera
849 3288 1010 3352 quamque
1034 3266 1097 3333 dis·

81 3358 174 3442 paria
197 3359 320 3443 partim
343 3358 598 3441 submersarum,
620 3355 743 3442 partim
766 3355 966 3420 fluitantium
989 3358 1022 3419 et
1048 3355 1097 3418 in-

81 3447 232 3512 nantium
267 3445 451 3531 beluarum,
491 3445 615 3532 partim
652 3443 693 3509 ad
729 3465 809 3509 saxa
843 3443 964 3510 nativis
1000 3443 1097 3508 testis

134 3567 246 3610 o1o.1v.
264 3569 285 3609 a
866 3553 883 3599 ὃ
