2590 3880
360 168 467 225 11111.
491 169 567 224 cnr.
588 177 612 240 1,
631 177 656 224 2.
680 177 695 237 ς
715 177 792 226 1-1.
1063 170 1085 235 5

74 314 159 378 tione
186 336 298 378 rerum
319 317 449 398 vacent,
477 337 519 378 an
543 315 726 394 contralab
753 314 794 380 iis
822 318 855 379 et
878 337 898 379 a
924 314 1084 401 principio

75 402 180 467 omnia
202 402 292 467 facta
316 406 349 467 et
372 403 551 468 constituta
569 403 636 468 sint
655 406 688 467 et
707 403 748 468 ad
767 403 932 468 infinitum
954 407 1084 489 ternpus

74 495 228 576 regantur
252 495 350 575 atque
368 495 569 576 moveantur,
591 492 626 554 in
643 491 759 576 primis
782 513 903 578 magna
926 491 1083 557 dissensio

74 583 133 663 est,
164 601 268 664 eaque
295 579 359 644 nisi
383 579 589 664 diiudicatur,
616 579 651 643 in
673 601 800 645 summo
824 602 932 645 errore
954 601 1085 646 necesse

50 670 120 731 sess
141 667 293 732 homines
321 672 419 752 atque
446 668 481 731 in
503 669 719 732 maximarum
742 691 850 733 rerum
877 669 1084 755 ignoratione

72 756 202 820 versari.
245 753 329 821 Sunt
347 757 433 822 enirn
451 755 641 842 philosophi
659 760 693 822 et
714 757 854 841 fuerunt,
878 757 934 842 qui
952 738 1120 865 011111111οὲ

72 845 194 910 nullam
218 845 340 910 habere
369 847 537 909 censerent
559 866 668 910 rerum
695 846 911 910 humanarum
934 868 1084 931 procura-

72 933 192 998 tionem
217 933 304 998 deos.
337 930 481 1008 Quorum
501 933 530 997 si
547 955 625 998 vera
643 934 806 999 sententia
825 937 884 1018 est,
908 956 990 1018 quae
1013 938 1085 1020 pot-

73 1025 120 1085 est
149 1043 222 1086 esse
252 1021 371 1106 pietas,
396 1043 478 1105 quae
509 1022 680 1106 sanctitas,
704 1044 786 1106 quae
813 1022 953 1108 religio?
993 1021 1084 1088 Haec

40 1110 155 1174 10enim
184 1110 296 1175 omnia
322 1131 402 1194 pure
432 1114 529 1194 atque
558 1113 646 1174 caste
675 1111 848 1176 tribuenda
871 1110 1005 1176 deorum
1027 1134 1085 1176 nu·

73 1198 149 1262 mini
176 1198 227 1262 ita
255 1202 345 1283 sunt,
373 1197 402 1262 si
430 1198 733 1263 animadvertuntur
760 1200 802 1264 ab
831 1199 886 1283 iis,
914 1203 948 1264 et
975 1200 1004 1264 si
1034 1204 1084 1264 est

73 1286 193 1371 aliquid
217 1309 238 1351 a
257 1286 325 1351 deis
347 1287 577 1352 inmortalibus
595 1287 766 1351 hominum
784 1288 896 1374 generi
913 1288 1084 1353 tributum.

73 1371 127 1438 Sin
154 1378 268 1440 autem
295 1374 347 1440 dei
374 1396 478 1459 neque
507 1379 646 1460 possunt
669 1397 729 1441 nos
752 1376 864 1441 iuvare
887 1398 945 1442 nec
967 1378 1084 1442 volunt

72 1484 127 1528 nec
150 1463 285 1528 omnino
308 1467 423 1528 curant
445 1485 517 1547 nec,
541 1463 618 1547 quid
641 1484 787 1549 agamus,
811 1464 1084 1550 animadvertunt,

39 1567 127 1616 1⁵nec
153 1555 220 1636 est,
249 1551 335 1635 quod
363 1552 404 1616 ab
433 1551 474 1616 iis
502 1552 542 1616 ad
565 1552 735 1616 hominum
761 1552 865 1618 vitam
892 1575 1084 1638 permanare

72 1640 187 1725 possit,
213 1639 290 1724 quid
317 1639 477 1724 estquod
503 1641 590 1704 ullos
619 1641 687 1705 deis
713 1641 943 1706 inmortalibus
967 1643 1083 1727 cultus,

72 1727 226 1812 honoreS,
255 1749 366 1813 preces
391 1728 624 1793 adhibeamus?
665 1727 705 1793 In
727 1729 833 1815 specie
856 1733 966 1795 autem
988 1731 1084 1796 fictae

74 1814 305 1901 simulationis,
338 1817 423 1881 sicut
445 1813 589 1901 reliquae
612 1817 764 1903 virtutes,
793 1818 873 1883 item
902 1820 1008 1904 pietas
1038 1819 1084 1883 in·

73 1925 140 1969 esse
165 1925 237 1970 non
262 1905 386 1989 potest,
414 1927 491 1982 cnm,
510 1927 574 1989 qua
597 1905 694 1970 simul
722 1907 932 1972 sanctitatem
955 1911 989 1972 et
1011 1908 1085 1972 reli-

39 2007 62 2046 20
75 1991 203 2078 gionem
230 1993 306 2058 tolli
332 2011 463 2058 necesse
487 1996 550 2078 est,
574 1993 690 2078 quibus
715 1995 854 2059 sublatis
877 1996 1082 2081 perturbatio

73 2081 157 2146 vitae
191 2082 339 2165 sequitur
371 2085 405 2146 et
432 2102 553 2168 magna
579 2081 739 2166 confusio,
777 2087 873 2168 atque
901 2084 989 2149 haud
1016 2085 1119 2155 scion

74 2190 113 2233 an
133 2170 259 2256 pietate
282 2169 436 2235 adversus
460 2169 536 2234 deos
558 2171 689 2236 sublata
711 2170 792 2236 fides
810 2172 910 2237 etiam
929 2176 963 2237 et
986 2173 1084 2239 socie-

73 2260 122 2321 tas
144 2258 275 2345 generis
297 2257 433 2323 humani
456 2261 489 2322 et
510 2281 575 2323 una
603 2260 875 2325 excellentissima
896 2261 1015 2345 virtus,
1037 2263 1085 2326 iu·
1124 2313 1127 2320 ‚

75 2346 172 2432 stitia,
195 2347 342 2411 tollatur.
379 2344 462 2410 Sunt
485 2350 593 2411 autem
613 2347 670 2411 alii
692 2347 889 2434 philosophi,
912 2353 946 2415 et
968 2351 993 2414 ii
1016 2350 1084 2434 qui-

40 2448 62 2487 25
75 2433 143 2499 dem
170 2434 285 2521 magni
315 2438 413 2519 atque
440 2435 580 2518 nobiles,
609 2436 665 2520 qui
688 2436 821 2501 deorum
849 2442 957 2502 mente
985 2442 1083 2522 atque

74 2523 197 2589 ratione
217 2544 345 2588 ornnem
364 2522 520 2588 mundum
540 2523 763 2589 administrari
781 2528 813 2590 et
832 2526 904 2612 regi
922 2530 1083 2611 censeant,
1118 2535 1120 2541 ‘

73 2631 174 2695 neque
202 2611 337 2677 veroid
365 2612 486 2696 solum,
516 2612 696 2677 sedetiam
724 2614 765 2677 ab
788 2613 892 2678 isdem
913 2614 1083 2680 hominum

73 2698 156 2764 vitae
185 2698 311 2765 consuli
335 2703 367 2764 et
394 2699 571 2784 provideri,
597 2704 731 2765 namet
756 2701 868 2788 fruges
892 2706 925 2766 et
947 2703 1083 2788 reliqua,

75 2807 153 2870 quae
177 2790 267 2852 terra
289 2788 406 2872 pariat,
429 2792 462 2852 et
485 2791 697 2874 tempestates
714 2811 751 2854 ac
774 2794 959 2875 temporum
981 2791 1083 2856 varie
1120 2831 1122 2836 ,

40 2877 156 2940 ³0tates
186 2876 331 2960 caelique
358 2877 570 2962 mutationes,
594 2878 710 2962 quibus
735 2878 857 2962 omnia,
885 2899 967 2962 quae
994 2883 1083 2945 terra

75 2963 197 3050 gignat,
220 2968 387 3030 maturata
404 2965 592 3050 pubescant,
617 2967 704 3031 adis
727 2967 956 3032 inmortalibus
980 2968 1084 3034 tribui

76 3053 183 3135 generi
205 3052 348 3118 humano
367 3057 485 3139 putant
508 3055 684 3139 multaque,
708 3076 790 3139 quae
809 3054 955 3120 dicentur
973 3056 1009 3120 in
1030 3057 1082 3122 his

74 3137 178 3226 libris,
212 3141 385 3228 colligunt,
414 3163 496 3225 quae
519 3143 600 3207 talia
623 3145 712 3227 sunt,
740 3146 777 3207 ut
801 3165 838 3208 ea
867 3143 940 3229 ipsa
963 3145 1014 3210 dei
1036 3146 1083 3210 in-

76 3229 227 3295 mortales
251 3229 293 3295 ad
315 3251 410 3294 usum
426 3230 596 3296 hominurn
614 3231 765 3296 fabricati
783 3253 885 3316 paene
903 3233 1083 3301 videantur.

42 3327 64 3367 ³⁵
77 3313 195 3383 Contra
227 3339 309 3403 quos
342 3316 523 3383 Carneades
556 3320 604 3384 ita
633 3321 739 3384 multa
769 3320 935 3406 disseruit,
963 3325 1002 3387 ut
1032 3345 1083 3387 ex-

76 3403 187 3470 citaret
219 3405 367 3471 homines
398 3428 466 3472 non
502 3408 651 3473 socordes
688 3408 730 3472 ad
760 3408 830 3473 reri
862 3408 1082 3495 investigandi

76 3493 294 3579 cupiditatem.
335 3493 404 3562 Res
433 3495 518 3560 enim
545 3497 637 3561 nulla
665 3500 727 3580 est,
755 3496 794 3561 de
808 3518 882 3583 *qua
911 3502 1116 3585 tantoperec
