2630 3890
178 144 243 208 258
600 143 649 198 DE
667 143 763 198 Fano

178 288 312 353 maximi
339 289 435 354 orbes
462 288 560 354 medii
585 289 672 352 inter
699 309 735 352 11
756 286 969 371 dividuntur',
998 286 1055 353 sed
1077 287 1189 373 potius

177 377 236 442 illo
260 377 370 443 modo:
394 376 482 442 ‘Non
504 381 537 441 et
561 381 636 440 sunt
658 376 695 440 in
716 375 856 460 sphaera
874 376 1009 440 maximi
1026 377 1132 459 orbes,
1155 379 1190 439 et

128 477 159 525 16
177 465 202 529 ii
223 487 291 530 non
312 465 411 530 medii
429 465 515 529 inter
533 486 568 529 se
587 463 795 529 dividuntur?
832 462 918 540 Quid
936 468 997 547 est,
1019 463 1104 549 quod
1121 485 1190 527 non

178 553 284 639 possit
310 554 375 618 isto
403 553 499 618 modo
527 574 566 617 ex
590 574 711 618 conexo
733 552 905 617 transferri
928 553 969 616 ad
992 551 1189 618 coniunctio-

178 663 256 706 num
278 641 509 727 negationem?
540 641 586 706 Et
609 641 740 725 quidem
762 640 835 705 aliis
859 640 964 705 modis
987 641 1117 705 easdam
1134 653 1218 704 res⁵

179 730 291 795 efferre
313 750 496 814 possumus.
531 729 629 794 Modo
653 729 731 793 dixi:
756 727 811 793 ‘ln
829 728 970 813 sphaera
986 728 1120 792 maximi
1138 749 1189 792 or·
1301 787 1302 796 ,

177 818 235 883 bes
268 818 365 882 medii
396 817 482 881 inter
514 838 548 882 se
581 815 793 901 dividuntur'3
824 839 959 901 possum
986 817 1104 882 dicere:
1137 813 1189 880 ‘Si
1301 849 1302 868 .

177 906 213 970 in
235 906 375 990 sphaera
392 904 527 970 maximi
546 905 641 971 orbes
659 903 775 988 erunt',
797 927 934 990 possum
952 904 1070 970 dicere:
1094 902 1189 980 ‘Quia

178 995 214 1058 in
242 994 380 1078 sphaera
410 993 544 1058 maximi
567 994 662 1058 orbes
685 991 800 1058 erunt’.
840 992 947 1057 Multa
970 1014 1090 1078 genera
1112 996 1190 1056 sunt

179 1082 369 1146 enuntiandi
389 1104 449 1148 nec
471 1082 576 1146 ullum
599 1081 768 1146 distortius
793 1103 891 1166 quam
909 1081 980 1165 hoc,
1004 1103 1068 1164 quo
1087 1077 1188 1164 Chry·
1203 1097 1233 1137 1⁰

138 1232 159 1294 9
179 1170 291 1255 sippus
306 1174 416 1255 sperat
426 1168 606 1236 Chaldaeos
621 1173 791 1272 contentos
801 1167 984 1270 Stoicorum
998 1190 1097 1234 causa
1108 1169 1188 1270 fore.

128 1257 1188 1432 ¹⁷1...llttttttffl.ttttltl'llt:athal.tt

177 1439 295 1520 tuaque
312 1435 503 1520 perdiscere.
535 1433 599 1500 Sed
617 1435 658 1499 ad
675 1434 769 1499 illam
782 1433 919 1499 Diodori
938 1434 1187 1516 contentionem,

179 1545 277 1607 quam
307 1521 383 1609 περὶ
410 1524 565 1589 δυνατῶν
593 1523 775 1608 appellant,
806 1526 1022 1608 revertamur,
1049 1523 1085 1587 in
1115 1544 1187 1607 qua,
1203 1536 1233 1578 1⁵

179 1612 256 1695 quid
281 1612 392 1677 valeat
420 1611 467 1696 id,
496 1611 581 1696 quod
603 1611 675 1675 fieri
696 1611 817 1696 possit,
844 1611 1035 1695 anquiritur.
1074 1609 1188 1676 Placet

177 1701 280 1785 igitur
302 1698 446 1765 Diodoro
469 1699 503 1764 id
526 1700 633 1764 solum
655 1699 726 1764 fieri
748 1720 858 1784 posse,
886 1699 972 1783 quod
995 1703 1052 1764 aut
1074 1720 1188 1764 verum

179 1789 223 1852 sit
250 1791 307 1852 aut
334 1810 446 1854 verum
473 1787 620 1852 futurum
648 1787 700 1852 sit.
741 1786 804 1863 Qui
830 1787 921 1853 locus
945 1787 1081 1874 attingit
1103 1787 1189 1852 hanc

179 1877 416 1961 quaestionem,
442 1875 525 1940 nihil
548 1875 633 1958 fieri,
661 1875 746 1960 quod
768 1897 835 1940 non
856 1897 987 1941 necesse
1009 1874 1122 1959 fuerit,
1145 1880 1188 1958 et,

178 1964 330 2048 quicquid
360 1964 432 2028 fieri
463 1963 583 2048 possit,
615 1964 648 2028 id
680 1967 736 2027 aut
765 1985 837 2028 esse
862 1963 929 2028 iam
957 1966 1014 2028 aut
1039 1963 1187 2028 futurum
1201 1981 1232 2020 2⁰

178 2073 256 2136 esse,
278 2074 338 2117 nec
361 2052 467 2138 magis
491 2051 683 2117 commutari
707 2074 746 2116 ex
763 2051 848 2116 reris
868 2053 904 2116 in
920 2050 1007 2118 falsa
1024 2073 1120 2138 posse
1139 2073 1187 2135 ea,

178 2162 260 2224 quae
282 2138 406 2223 futura,
431 2162 527 2224 quam
551 2161 597 2224 ea,
621 2161 702 2224 quae
725 2139 814 2204 facta
837 2143 926 2223 sunt,
954 2140 1011 2205 sed
1032 2140 1068 2204 in
1089 2139 1186 2205 factis

177 2228 467 2292 inmutabilitatem
490 2249 659 2313 apparere,
681 2227 716 2292 in
737 2227 857 2292 futuris
881 2228 1087 2313 quibusdam,
1111 2227 1188 2312 quia

176 2338 243 2381 non
270 2319 419 2401 apparet,
446 2337 486 2380 ne
510 2316 614 2381 inesse
638 2317 767 2400 quidam
790 2315 906 2400 videri,
934 2317 1028 2382 utin
1051 2338 1102 2401 ec,
1131 2317 1187 2400 qui

177 2405 345 2470 mortifero
374 2405 488 2469 morbo
516 2408 685 2490 urgeatur,
711 2426 824 2470 verum
852 2403 895 2468 sit
924 2403 1002 2470 ‘Hic
1029 2404 1187 2470 morietur
1201 2417 1229 2462 2⁵

176 2493 239 2558 hoc
260 2492 397 2577 morbo',
420 2495 454 2557 at
476 2491 539 2558 hoc
557 2493 644 2556 idem
662 2493 691 2558 si
708 2514 783 2558 vere
802 2493 927 2558 dicatur
945 2493 981 2556 in
998 2514 1046 2577 eo,
1068 2493 1103 2557 in
1122 2515 1186 2577 quo
1301 2515 1302 2538 ³

177 2583 227 2647 ris
242 2582 348 2646 morbi
362 2585 456 2646 tanta
469 2603 535 2645 non
549 2585 716 2666 appareat,
735 2581 839 2646 nihilo
853 2581 960 2646 minus
972 2581 1119 2646 futurum
1133 2582 1186 2646 sit.
1301 2581 1302 2640 3

176 2670 229 2735 Ita
250 2670 299 2754 fit,
320 2673 358 2734 ut
381 2670 594 2734 commutatio
617 2691 656 2734 ex
675 2691 752 2734 vero
771 2668 945 2734 insalsum
962 2691 1003 2734 nc
1021 2671 1057 2735 in
1074 2668 1186 2734 futuro

177 2759 306 2842 quidem
328 2758 398 2822 ulla
415 2757 487 2822 fieri
503 2757 617 2842 possit.
654 2755 741 2821 Nam
760 2756 929 2822 ‘Morietur
946 2755 1065 2842 Scipio'
1084 2759 1185 2823 talem

176 2847 243 2911 vim
258 2846 367 2930 hahet,
385 2849 431 2930 ut,
446 2867 642 2930 quamquam
657 2844 819 2909 defuturo
834 2844 960 2930 dicitur,
978 2849 1089 2911 tamen
1102 2852 1140 2911 ut
1152 2847 1186 2910 id
1200 2861 1228 2903 ³⁰

176 2956 242 2999 non
254 2935 360 3020 possit
374 2937 561 2999 convertere
574 2933 609 2997 in
621 2933 756 3016 falsum:
770 2933 808 2997 de
822 2932 954 2999 homine
964 2934 1050 2999 enim
1060 2934 1185 3018 dicitur,

124 3033 157 3082 18
177 3023 228 3086 cui
245 3043 375 3086 necesse
394 3024 445 3086 est
462 3021 554 3086 mori.
591 3018 644 3086 Sic
662 3021 690 3085 si
709 3021 882 3086 diceretur:
900 3022 1070 3089 ‘Morietur
1086 3026 1186 3089 noctu

176 3110 211 3173 in
238 3110 385 3174 cubiculo
414 3131 472 3174 111
500 3109 534 3174 vi
561 3131 734 3194 oppressus
758 3107 889 3194 Scipio',
913 3131 989 3176 vere
1013 3109 1185 3195 diceretur3
1299 3147 1302 3172 l

176 3197 210 3260 id
233 3197 319 3261 enim
340 3197 411 3262 fore
435 3196 607 3282 diceretur,
636 3197 721 3281 quod
744 3201 831 3262 esset
852 3198 1013 3283 futurum:
1038 3199 1185 3265 futurum

177 3288 286 3349 autem
308 3285 409 3350 fuisse
433 3307 471 3350 ex
494 3307 545 3369 ec,
573 3285 649 3370 quia
670 3285 794 3350 lactum
817 3289 880 3370 est,
907 3287 1057 3373 intellegi
1080 3287 1183 3352 debet.
1198 3301 1226 3344 εδ

176 3370 245 3437 Ν11
272 3373 378 3456 magis
406 3376 476 3438 erat
503 3395 615 3438 verum
644 3373 813 3438 ‘Morietur
835 3371 955 3459 Scipio'
979 3397 1078 3458 quam
1106 3375 1185 3441 ‘Mo-

176 3459 278 3524 rietur
303 3460 362 3524 illo
394 3460 512 3546 mod0'‚
543 3483 603 3527 neo
634 3461 740 3548 magis
772 3483 903 3528 necesse
930 3463 1014 3528 mori
1041 3460 1185 3551 Scipioni
