2630 3890
182 81 248 146 232
535 81 583 135 DE
602 79 843 135 DIVINATIONE

182 249 255 292 cum
279 229 364 290 esset
385 226 472 308 luna,
493 229 607 288 natam
630 246 701 289 esse
724 224 851 289 dicebat
872 245 932 289 nec
955 224 1022 288 eius
1045 223 1116 288 fata
1138 246 1187 288 ea

129 327 258 378 991919
286 314 465 378 dubitabat.
507 312 534 376 O
562 313 629 376 vim
655 334 840 376 maxumam
868 312 1000 377 erroris!
1035 311 1187 376 Etiamne

181 403 272 467 urbis
294 402 415 466 natalis
439 401 505 465 dies
529 399 571 464 ad
593 401 660 464 vim
683 400 853 466 stellarum
876 403 909 464 et
932 400 1028 464 lunae
1048 399 1188 484 pertine

182 492 260 556 bat?
296 489 362 556 Fac
390 490 425 553 in
451 510 551 574 puero
579 487 713 571 referre,
744 510 782 552 ex
809 510 874 573 qua
902 487 1083 553 adfectione
1106 488 1189 553 caeli

181 579 322 664 primum
350 577 501 663 spiritum
529 576 669 660 duxerit3
690 581 774 640 ‘hum
801 576 863 642 hoc
890 577 925 640 in
947 577 1050 640 latere
1073 581 1130 640 aut
1116 576 1189 640 tin
1218 596 1233 637 s

182 670 362 748 caemento,
390 687 429 729 ex
457 664 572 748 quibus
595 665 673 728 urbs
697 665 811 729 effecta
833 667 897 746 est,
924 664 1033 749 potuit
1054 665 1188 728 valere?

182 753 244 818 sed
267 753 344 839 quid
366 752 483 838 plura?
506 753 623 817 cotidie
642 751 795 816 refellunt
781 756 843 816 t.ur
878 715 983 827 Cuam
1002 752 1107 816 multa
1125 773 1188 837 ego

180 842 350 927 Pompeio,
373 863 471 925 quam
493 840 597 904 multa
620 838 753 924 Crasso,
780 862 877 924 quam
899 841 1004 905 multa
1025 840 1133 904 huic
1123 840 1190 925 rpsi

182 929 313 995 Caesari
346 950 365 992 a
393 926 565 993 Chaldaeis
597 928 684 993 diota
711 927 855 1011 memini,
885 929 1048 992 neminem
1075 950 1189 993 eorum

179 1018 243 1082 nisi
280 1020 457 1100 senectute,
494 1016 559 1080 nisi
594 1016 695 1117 domi,
733 1016 798 1080 nisi
829 1039 902 1081 cum
934 1017 1029 1081 clarit
1015 1020 1083 1080 tate
1116 1037 1188 1080 esse
1204 1037 1234 1077 ι9

181 1105 387 1170 morituruml
407 1108 445 1169 ut
463 1104 544 1169 mihi
561 1105 738 1189 permirum
756 1104 864 1168 videat
850 1108 904 1168 tur
923 1126 1118 1189 quemquam
1136 1126 1189 1168 ex-

182 1196 282 1275 st,are
312 1193 368 1278 qui
397 1192 496 1258 etiam
523 1214 608 1256 nunc
635 1192 792 1257 credat
770 1214 824 1275 ns,
855 1214 992 1278 quorum
1021 1192 1190 1277 praedicta
1288 1241 1289 1244 ,

181 1285 234 1347 cot
220 1243 298 1345 tidie
321 1281 430 1345 videat
451 1303 486 1344 re
510 1284 542 1344 et
565 1283 659 1345 event
660 1280 688 1344 ia
645 1279 826 1344 trefelli.

128 1340 180 1465 ²1²3,
248 1369 327 1432 Rest
313 1373 386 1433 tant
404 1369 467 1433 duo
486 1369 652 1433 divinandi
670 1389 798 1454 genera,
818 1390 900 1452 quae
916 1369 1036 1433 habere
1051 1368 1189 1434 dicimur

182 1481 202 1522 a
222 1460 354 1539 natura,
382 1478 449 1522 non
471 1457 588 1521 abt
537 1460 606 1520 arte
611 1507 620 1539 ,
647 1479 689 1521 va
690 1456 901 1521 ticinandiet
887 1456 1120 1540 tsomniandi3
1148 1456 1187 1521 de
1204 1477 1233 1518 15

182 1546 311 1629 quibus,
334 1544 464 1626 Quinte,
487 1545 633 1628 inquam,
657 1545 685 1608 si
711 1544 831 1628 placet,
854 1544 1060 1609 disseramus,
1104 1544 1189 1608 Mihi

181 1655 272 1716 vero,
295 1633 410 1716 inquit,
432 1634 553 1717 placet3
576 1631 628 1697 his
651 1632 745 1715 enim,
769 1654 852 1716 quae
874 1632 979 1697 adhuc
1003 1632 1187 1717 disputasti,

180 1743 313 1806 prorsus
337 1721 514 1803 adsentior,
537 1725 583 1803 et,
606 1742 680 1784 vere
703 1724 740 1784 ut
763 1721 887 1805 loquar,
910 1743 1107 1806 quamquam
1129 1724 1188 1786 tua

180 1831 232 1872 me
256 1808 360 1873 oratio
384 1809 596 1891 confirmavit,
619 1811 729 1872 tamen
747 1809 846 1872 etiam
865 1831 937 1872 mea
955 1811 1071 1893 sponte
1088 1808 1187 1873 nimis

181 1897 441 1980 superstitiosam
473 1897 512 1961 de
544 1895 742 1960 divinatione
775 1893 957 1962 Stoicorum
990 1897 1187 1961 sententiam
1201 1917 1232 1957 19
1290 1907 1291 1916 ’

179 1983 375 2068 iudicabam3
397 1984 477 2049 haec
501 2006 552 2048 me
570 1982 860 2069 Peripateticorum
882 1985 967 2049 ratio
991 1984 1097 2070 magis
1121 2006 1187 2049 mo·

179 2072 277 2136 vebat
304 2076 337 2137 et
362 2073 482 2137 veteris
504 2071 695 2136 Dicaearchi
724 2074 757 2136 et
783 2073 865 2155 eius,
894 2073 950 2156 qui
975 2094 1061 2137 nunc
1083 2073 1188 2156 floret,

180 2158 337 2246 Cratippi,
361 2161 416 2245 qui
439 2165 570 2225 censent
592 2180 662 2224 esse
685 2160 719 2224 in
737 2161 899 2225 mentibus
918 2160 1086 2225 hominum
1104 2163 1187 2225 tam-

180 2270 277 2333 quam
300 2249 445 2314 oraolum
468 2247 609 2331 aliquod,
632 2269 671 2312 ex
693 2269 757 2332 quo
775 2247 887 2313 futura
905 2249 1136 2333 praesentiant,
1158 2249 1188 2314 si

180 2340 236 2401 aut
258 2337 367 2402 furore
391 2336 499 2401 divino
522 2335 675 2399 incitatus
699 2336 825 2400 animus
849 2340 906 2401 aut
929 2359 1042 2402 somno
1061 2338 1186 2402 relaxa·
1200 2355 1229 2397 11

178 2428 232 2489 tus
255 2425 361 2490 solute
329 2427 554 2490 tmoveatur
577 2446 615 2488 ac
632 2424 742 2488 libere.
778 2423 840 2488 His
859 2425 898 2488 de
918 2425 1088 2510 generibus
1109 2424 1187 2509 quid

179 2513 300 2577 sentias
327 2516 360 2578 91
384 2513 500 2596 quibus
524 2533 563 2576 ea
584 2512 765 2577 rationibus
787 2513 945 2598 infirmes,
974 2513 1084 2577 audire
1108 2535 1187 2578 sane

178 2601 286 2665 velim

125 2660 174 2785 ᾗ]
246 2688 334 2789 Quae
362 2710 435 2753 cum
457 2688 515 2772 1119
538 2687 684 2772 dixisset,
714 2692 784 2754 tum
808 2710 869 2774 ego
892 2711 1004 2753 rursus
1028 2689 1122 2774 quasi
1144 2689 1186 2754 ab

180 2777 244 2842 alio
263 2775 422 2861 principio
437 2798 509 2840 sum
524 2797 657 2841 exorsus
671 2739 789 2842 dicere:
812 2776 1026 2862 Non1gnoro,
1044 2777 1187 2861 inquam,
1200 2796 1227 2837 19
1290 2821 1291 2860 ,

179 2864 306 2946 Quinte,
264 2867 362 2928 tte
385 2886 513 2948 semper
535 2864 583 2928 ita
604 2865 751 2950 sensisse,
773 2869 811 2929 ut
829 2865 936 2928 det
887 2869 936 2930 cet
939 2867 1002 2929 eris
1021 2865 1187 2930 divinandi
1290 2901 1291 2942 ι

179 2952 352 3038 generibus
376 2951 468 3016 dubit
454 2955 551 3037 tares,
573 2952 638 3017 ista
661 2953 732 3035 duo,
755 2951 874 3018 furoris
897 2957 931 3017 et
954 2953 1081 3036 somnii,
1104 2975 1186 3038 quae
1290 2977 1291 2988 ¹

179 3039 320 3104 alibero
337 3042 445 3104 mente
463 3041 562 3104 fluere
580 3040 775 3123 viderentur,
792 3041 957 3125 probares.
993 3041 1109 3106 Dicam
1127 3041 1187 3126 igi·
1290 3101 1291 3112 ,

178 3131 245 3212 tur,
272 3128 310 3191 de
333 3127 439 3191 istis
429 3129 510 3213 ipsis
534 3129 659 3192 duobus
682 3128 853 3214 generibus
877 3128 958 3193 mihi
981 3129 1058 3230 quid
1081 3129 1187 3194 videa·
1290 3139 1291 3186 l

178 3219 244 3298 tur,
268 3215 296 3279 si
318 3215 479 3299 prius,et
446 3213 683 3281 918191991111
706 3217 945 3282 conclusiot
893 3221 945 3280 rat
946 3217 1030 3282 ionis
1054 3220 1087 3280 et
1110 3215 1186 3282 Cra·
1199 3233 1224 3274 ιι

178 3302 261 3386 tippi
297 3303 402 3367 nostri
438 3303 515 3387 quid
552 3304 675 3386 valeat,
712 3303 832 3370 videro.
881 3304 1003 3368 Dixisti
1035 3304 1121 3369 enim
1152 3309 1186 3370 91
1290 3295 1291 3378 l

178 3387 396 3475 Chrysippum
427 3394 461 3454 et
487 3389 665 3476 Diogenem
696 3393 729 3454 91
756 3389 834 3455 Ant
810 3395 895 3476 ttrpa
897 3415 968 3455 rum
996 3392 1185 3457 concludere
1290 3399 1291 3412 ¹
