2578 3874
329 164 396 220 mc.
416 165 450 220 Π.
471 163 547 220 cAP.
567 169 662 221 o-11.
682 171 697 230 e
716 171 829 221 aa-as.
1021 165 1089 228 415

76 311 187 372 autem
214 329 282 373 non
309 308 418 391 iudex,
446 308 505 373 sed
532 308 609 372 deus
637 308 708 393 ipse
730 308 847 373 vindex
870 308 1088 392 constituitur,

74 395 258 482 praesentis
281 418 404 481 poenae
428 401 517 461 metu
539 397 655 482 religio
679 396 864 462 confirmari
886 396 1023 461 videtur.

145 481 291 568 Suosque
319 485 396 549 deos
420 487 477 548 aut
499 506 602 550 novos
626 488 683 549 aut
706 485 905 570 alienigenas
929 485 994 550 coli
1016 506 1090 549 oon·

75 572 238 637 fusionem
256 572 357 637 habet
371 573 567 658 religionum
581 576 614 637 et
627 573 759 658 ignotas
774 573 984 638 caerimonias
998 571 1088 656 †nos

48 661 311 726 osacerdotibus.
351 659 438 725 Nam
461 682 482 724 u
504 660 653 746 patribus
677 665 826 746 acceptos
850 660 927 726 deos
950 661 998 726 ita
1020 661 1089 746 pla
1107 671 1142 721 26

77 753 130 814 oet
153 749 226 832 ooli,
249 749 279 813 si
300 749 377 814 huic
398 749 466 835 legi
488 749 656 834 paruerint
677 749 742 834 ipsi
764 753 883 834 patres.

138 837 291 909 ,Delubra
315 859 386 902 esse
407 838 443 902 in
464 837 600 902 urbibus
624 858 738 902 censeo
760 859 821 903 nec
839 859 957 922 sequor
974 858 1089 924 magos

76 925 261 1010 Persarum,
276 925 392 1010 quibus
408 926 594 991 auctoribus
604 925 723 990 Xerses
736 925 957 990 inflammasse
966 926 1090 1010 templa

78 1013 234 1080 Graeciae
254 1014 380 1098 dicitur,
400 1014 486 1099 quod
503 1015 683 1099 parietibus
701 1014 903 1079 includerent
917 1014 1003 1098 deos,
1022 1014 1091 1098 qui-

37 1124 64 1162 ιο
77 1104 141 1168 bus
169 1102 279 1184 omnia
302 1103 457 1166 deberent
480 1124 551 1167 esse
573 1102 721 1187 patentia
744 1124 782 1167 ac
804 1103 916 1186 libera,
940 1124 1090 1187 quorum·

79 1213 142 1275 que
164 1190 218 1256 hic
241 1191 380 1256 mundus
403 1190 508 1255 omnis
531 1191 691 1276 templum
710 1193 797 1255 esset
815 1195 848 1255 et
866 1191 989 1256 domus.
1024 1189 1089 1256 Me·
1102 1193 1140 1258 11

77 1280 143 1344 lius
167 1277 258 1344 Graii
286 1282 384 1363 atquo
406 1279 525 1362 nostri,
554 1279 609 1362 qui
636 1282 673 1343 ut
697 1282 854 1364 augerent
876 1278 1032 1365 pietatem
1055 1279 1091 1343 in

79 1369 167 1450 deos,
190 1367 319 1432 easdem
341 1366 418 1431 illos
441 1367 533 1431 urbis
556 1388 636 1450 quas
659 1388 719 1431 nos
742 1367 884 1432 incolere
903 1367 1091 1451 voluerunt,

79 1455 186 1521 adfert
208 1457 295 1520 enim
317 1455 398 1519 haec
421 1455 531 1540 opinio
550 1455 741 1539 religionem
760 1455 874 1520 utilem
893 1455 1092 1540 civitatibus

40 1565 64 1604 1⁵
79 1543 239 1628 siquidem
263 1546 295 1608 et
317 1542 400 1609 illud
422 1544 504 1607 bene
527 1543 649 1607 dietum
673 1547 722 1608 est
746 1566 766 1608 a
787 1542 989 1628 Pythagora,
1017 1544 1090 1609 doc-

79 1631 209 1697 tissimo
233 1632 317 1715 viro,
339 1635 411 1695 tum
434 1652 583 1696 maxume
608 1635 640 1696 et
662 1632 818 1716 pietatem
842 1636 875 1696 et
897 1632 1090 1717 religionem

79 1720 204 1786 versari
230 1720 263 1784 in
291 1720 422 1802 animis,
453 1741 551 1803 quom
579 1720 676 1784 rebus
704 1719 821 1784 divinis
845 1741 978 1804 operam
1001 1721 1091 1784 dare·
1117 1797 1120 1802 ,

79 1831 167 1892 mus,
197 1811 230 1872 et
258 1809 345 1892 quod
371 1807 504 1891 Thales,
532 1807 588 1893 qui
616 1807 875 1893 sapientissimus
903 1809 938 1873 in
965 1813 1091 1894 septem

78 1896 157 1979 fuit,
182 1896 331 1961 homines
354 1896 539 1960 existimare
563 1901 712 1980 oportere
736 1897 858 1980 omnia,
885 1917 963 1978 quoe
984 1919 1091 1962 oerne-

38 1989 169 2070 rorent,
195 1986 328 2049 deorum
356 2004 426 2049 esse
453 1986 563 2069 plena3
590 1984 660 2049 fore
688 1984 775 2049 enim
798 1985 903 2050 omnis
926 1986 1092 2068 castioreS,

79 2073 184 2140 veluti
212 2095 310 2158 quom
336 2073 372 2137 in
397 2072 484 2137 fanis
513 2076 621 2137 essent
648 2073 789 2138 maxime
811 2073 984 2157 religiosis.
1028 2075 1092 2140 Est

80 2162 168 2227 enim
192 2161 349 2245 quaedam
373 2161 524 2246 opinione
545 2161 668 2246 species
687 2161 819 2226 deorum
837 2161 874 2226 in
891 2163 1002 2245 oculis,
1025 2184 1092 2227 non

80 2251 189 2315 solum
210 2249 246 2314 in
268 2249 441 2314 mentibus.
478 2249 688 2333 Eandemque
706 2251 867 2315 rationem
885 2250 950 2315 luci
968 2250 1091 2314 habent
1110 2263 1144 2312 a?

79 2339 116 2404 in
148 2338 246 2424 agris.
291 2336 405 2422 Neque
438 2359 489 2420 ea,
521 2359 604 2420 quae
631 2360 651 2402 a
678 2338 857 2402 maioribus
885 2338 1014 2421 prodita
1042 2342 1092 2402 est

39 2447 66 2487 as
82 2449 181 2511 quom
204 2426 357 2509 dominis,
380 2430 451 2491 tum
473 2425 604 2490 famulis
627 2426 736 2510 posita
758 2425 907 2490 infundi
928 2425 1092 2511 villaeque

81 2518 266 2599 conspectu,
287 2515 404 2598 religio
427 2513 556 2598 Larum,
578 2514 777 2599 repudianda
799 2518 858 2578 est.

148 2601 219 2668 Iam
237 2603 320 2668 ritus
338 2602 483 2667 familiae
501 2606 695 2687 patrumque
714 2624 843 2666 servare
861 2601 895 2666 id
914 2606 973 2686 est,
993 2624 1093 2686 quon-

81 2692 150 2757 iam
165 2691 355 2776 'antiquitas
378 2713 534 2777 proxume
558 2691 681 2756 accedit
703 2690 746 2755 ad
768 2690 858 2775 deos,
885 2712 905 2754 a
928 2689 977 2755 dis
1001 2691 1094 2774 quasi

80 2779 239 2844 traditam
261 2779 453 2865 religionem
475 2779 568 2844 tueri.

38 2887 67 2927 so
150 2867 242 2944 Quod
265 2871 374 2932 autem
393 2889 431 2932 ex
449 2867 617 2932 hominum
636 2889 754 2953 genere
772 2871 986 2950 consecrator,
1009 2867 1093 2932 sicut

81 2955 258 3022 Herculem
285 2958 318 3020 et
346 2959 484 3040 eeteros,
511 2955 574 3020 ooli
596 2957 649 3020 lex
671 2955 775 3040 iubet,
802 2955 925 3021 indicat
948 2955 1093 3020 omnium

82 3044 212 3130 quidem
236 3044 361 3109 animos
384 3043 568 3109 inmortalis
591 3065 670 3127 esse,
693 3044 750 3108 sed
767 3044 903 3108 fortium
921 3044 1093 3108 bonorum-

82 3155 146 3217 que
168 3133 303 3198 divinos.
348 3131 436 3196 Bene
459 3154 550 3216 vero,
577 3132 663 3216 quod
685 3131 791 3216 Mens,
817 3131 941 3215 Pietas,
970 3131 1093 3216 Virtus,
1112 3143 1146 3192 28

81 3221 178 3287 Fides
202 3225 408 3287 consecratur
431 3243 544 3304 manu3
569 3243 704 3304 quarum
728 3221 872 3285 omnium
895 3219 1019 3285 Romae
1042 3221 1093 3285 de-

39 3310 192 3374 radicata
214 3309 343 3394 publice
366 3310 491 3394 templa
513 3313 601 3392 sunt,
624 3311 676 3393 ut,
698 3308 757 3373 illa
780 3309 836 3392 qui
857 3309 1001 3374 habeant
1024 3308 1094 3394 (ha-

82 3399 163 3463 hent
189 3401 297 3462 autem
326 3419 437 3464 omnes
465 3395 570 3483 boni),
600 3397 676 3461 deos
704 3396 793 3482 ipsos
821 3398 858 3461 in
886 3397 1003 3461 animis
1027 3397 1092 3461 suis

82 3487 269 3553 conlocatos
288 3487 414 3570 putent.
454 3483 541 3549 Nam
559 3485 642 3549 illud
661 3485 828 3570 vitiosum,
842 3484 984 3550 Athenis
1008 3485 1092 3572 quod
