2578 3874
191 143 260 206 410
583 142 632 196 DE
650 141 805 196 LEGIBUS

158 287 229 366 Q.
251 285 318 351 Eas
346 286 420 350 tu
411 287 513 373 igitur
539 286 629 372 leges
656 285 790 371 rogabis
813 285 977 370 videlicet,
1008 307 1091 369 quae
1114 307 1209 351 num·

155 394 159 431 ι
192 395 291 459 quam
315 373 522 460 abrogentur.
566 376 611 440 M
629 373 735 476 Certe,
757 397 786 440 ιι
776 375 900 440 modo
919 336 1071 459 acceptae
1090 397 1111 440 ι
1129 376 1209 440 duo·

191 463 253 528 bus
280 463 374 528 vobis
398 466 501 528 erunt.
542 459 617 547 Sed,
644 466 682 528 ut
704 463 755 528 vir
777 461 984 528 doctissimus
1006 462 1084 528 lecit
1106 461 1207 528 Plato

191 555 290 652 atque
317 551 403 616 idem
432 551 644 637 gravissimus
667 551 938 652 philosophorum
961 550 1120 634 omnium,
1150 551 1209 635 qui

191 641 341 724 princeps
364 639 404 703 de
425 661 461 704 re
483 639 616 726 publica
638 639 831 723 conscripsit
852 639 1002 722 idemque
1026 640 1234 724 separatims

190 728 231 792 de
263 727 392 813 legibus
422 728 505 811 eius,
535 727 569 792 id
596 727 678 793 mihi
704 728 799 792 credo
828 749 899 792 esse
925 726 1126 810 faciundum,
1159 733 1208 812 nt,

191 815 282 900 prius
305 837 403 900 quam
425 815 531 901 ipsam
554 816 663 901 legem
685 816 828 900 recitem,
851 816 890 880 de
913 815 981 880 eius
1004 815 1089 901 legis
1108 815 1207 880 laude

190 904 305 968 dicam.
342 902 435 979 Quod
457 904 541 968 idem
567 908 600 968 et
619 904 792 970 Zaleucum
811 907 845 968 et
862 902 1069 968 Charondam
1087 903 1208 970 fecisse

190 992 300 1075 rideo,
328 1013 426 1076 quom
455 992 584 1076 quidem
607 993 658 1056 illi
684 1015 752 1058 non
780 992 880 1056 studii
908 997 941 1057 et
968 991 1073 1057 delcct
1058 992 1207 1078 tationis,

191 1081 246 1144 sed
275 1080 323 1144 rei
350 1078 499 1164 publicae
527 1103 625 1145 causa
652 1080 792 1166 leges
766 1079 864 1144 civita
829 1080 953 1144 tatibus
977 1080 1044 1144 suis
1068 1080 1207 1166 scripse·
1220 1097 1245 1138 1⁰

191 1172 276 1232 runt
313 1166 400 1244 Quos
423 1167 571 1233 imitatus
590 1168 685 1232 Plato
708 1168 859 1233 videlicet
881 1168 944 1233 hoc
962 1190 1095 1269 ,quoque
1119 1169 1205 1271 legis

190 1280 234 1341 pu
236 1256 320 1320 tavit
337 1278 408 1321 esse
409 1257 629 1341 ,persuadere
648 1256 780 1340 aliquid,
796 1279 864 1321 non
882 1257 992 1321 omnia
1005 1256 1039 1320 vi
1052 1278 1091 1322 ac
1106 1257 1205 1322 minis

141 1356 171 1406 15
191 1367 314 1430 cogere.
352 1345 387 1425 Q.
410 1342 507 1428 Quid,
534 1344 620 1429 quod
643 1344 887 1409 Zaleucumt
842 1348 887 1408 ist
888 1368 943 1408 um
970 1347 1071 1431 negat
1097 1346 1206 1410 ullum

191 1433 291 1497 fuisse
310 1431 484 1498 Timaeus?
515 1433 564 1498 M.
582 1433 694 1497 Αιι
646 1436 694 1498 ait
710 1432 917 1517 Theophrast
917 1454 965 1515 ιιι,
984 1436 1098 1498 auctor
1116 1433 1205 1498 haud

191 1522 331 1586 deterior
360 1544 433 1585 mea
461 1521 591 1605 quidem
619 1521 781 1586 sententia
808 1517 991 1606 (meliorem
1022 1521 1119 1586 multi
1148 1544 1204 1587 no
1218 1541 1242 1580 1⁵

191 1607 345 1695 minant);
368 1613 624 1675 commemorant
647 1631 724 1674 vero
742 1609 845 1694 ipsius
864 1609 960 1692 civeS,
982 1609 1087 1674 nostri
1106 1610 1204 1675 chen-

189 1702 248 1775 tes,
271 1697 375 1762 Locri.
416 1695 479 1762 Sed
502 1697 570 1762 sive
592 1697 657 1762 fuit
679 1698 747 1762 sive
769 1719 835 1762 non
857 1697 930 1780 fuit,
952 1697 1036 1762 nihil
1059 1698 1100 1762 ad
1118 1720 1204 1782 rem3

189 1786 361 1869 loquimur,
384 1785 470 1868 quod
492 1786 649 1850 traditum
673 1789 731 1850 est.

150 1875 170 1938 7
258 1871 308 1936 Sit
330 1873 432 1958 igitur
453 1873 516 1939 hoc
538 1875 604 1938 iarn
628 1897 648 1939 a
671 1874 829 1958 principio
852 1896 1043 1958 persuasum
1067 1873 1203 1960 civibus,

194 1961 339 2025 dominos
372 1983 441 2026 esse
473 1963 618 2027 omnium
649 1985 757 2026 rerum
790 1984 828 2028 ac
860 1962 1082 2028 moderatores
1115 1963 1203 2048 deoS,
1217 1983 1240 2022 ιι

191 2070 305 2132 eaque,
332 2070 414 2132 quae
438 2053 607 2134 gerantur,
630 2072 741 2115 eorum
766 2050 836 2135 geri
858 2049 976 2116 iudicio
1000 2073 1037 2115 ac
1059 2051 1203 2136 numine,

191 2137 383 2221 eosdemque
398 2138 521 2222 optime
535 2139 574 2201 de
589 2159 705 2224 genere
719 2138 888 2203 hominum
902 2139 1019 2204 mereri
1033 2142 1074 2223 et,
1094 2140 1202 2223 qualis

191 2225 327 2310 quisque
345 2225 398 2310 sit,
418 2226 495 2310 quid
514 2229 600 2312 agat,
620 2227 697 2310 quid
715 2227 750 2291 in
769 2249 803 2291 se
822 2227 985 2311 admittat,
1004 2249 1068 2311 qua
1084 2231 1203 2312 mente,

190 2335 255 2397 qua
277 2313 400 2398 pietate
423 2314 510 2378 colat
532 2315 717 2401 religiones,
739 2315 859 2379 intueri
880 2315 1073 2400 piorumque
1092 2319 1126 2380 et
1144 2315 1202 2380 im·

140 2415 171 2464 ιι
190 2403 318 2487 piorum
337 2401 456 2466 habere
475 2403 649 2487 rationem3
672 2403 723 2468 his
743 2403 829 2467 enim
846 2403 943 2467 rebus
962 2403 1096 2468 inbutae
1114 2426 1201 2470 men·
1214 2421 1237 2464 ιι

191 2495 240 2554 tes
268 2490 355 2555 haud
382 2513 460 2555 sane
488 2492 710 2556 abhorrebunt
737 2492 778 2555 ab
806 2490 881 2555 utili
910 2495 967 2555 aut
989 2514 1009 2556 a
1031 2514 1110 2557 vera
1132 2513 1202 2558 sen·

190 2579 301 2643 tentia.
352 2576 436 2654 Quid
468 2583 518 2643 est
550 2579 635 2643 enim
668 2579 774 2644 verius
807 2601 905 2663 quam
936 2579 1098 2644 neminem
1130 2602 1201 2646 essa

191 2671 341 2751 oportere
364 2670 434 2730 tam
458 2668 559 2731 stulte
583 2668 804 2754 adrogantem,
827 2670 864 2732 ut
882 2667 918 2732 in
935 2689 970 2732 se
988 2668 1149 2733 rationem
1167 2673 1201 2734 et

190 2758 332 2820 mentem
359 2758 453 2840 putet
474 2755 593 2840 inesse,
620 2757 655 2820 in
678 2756 767 2820 caelo
790 2755 973 2840 mundoque
995 2777 1061 2821 non
1083 2760 1199 2842 putet?

191 2847 248 2906 aut
270 2846 308 2907 ut
330 2865 377 2925 ea,
401 2864 484 2927 quae
507 2843 561 2908 vir
584 2865 711 2908 summa
733 2843 857 2929 ingenii
874 2846 994 2909 ratione
1011 2845 1200 2926 conprehen·
1213 2862 1234 2904 a

188 2933 266 2995 dont
254 2936 314 3010 ι,ιι
336 2931 426 2995 nullu
447 2932 575 2996 ratione
596 2932 720 2996 moveri
738 2936 797 3016 put
783 2933 852 2996 tet?
880 2930 983 3007 Quem
1001 2954 1078 2997 vero
1098 2937 1200 3000 astro·

189 3041 263 3082 rum
286 2979 428 3102 oidines,
456 3040 552 3103 quem
575 3019 699 3084 dierum
722 3020 930 3104 noctiumque
952 3020 1200 3122 vicissitudines,

190 3128 286 3189 quem
309 3128 458 3172 mensum
480 3109 674 3192 temperatio
699 3129 858 3192 quemque
881 3129 933 3193 ea,
956 3130 1038 3193 quae
1063 3109 1199 3195 gignun-

189 3197 244 3257 tur
261 3194 356 3259 nobis
376 3195 417 3258 ad
434 3195 615 3278 fruendum,
637 3218 703 3260 non
722 3200 853 3281 gratum
872 3218 942 3260 esse
961 3201 1092 3283 cogunt,
1115 3198 1199 3264 hunc

189 3281 354 3345 hominem
369 3283 500 3347 omnino
514 3285 680 3348 numerari
694 3306 749 3368 qur
741 3284 875 3348 decet?
899 3282 1068 3369 Quomque
1082 3286 1231 3371 omnia,³⁵

189 3388 272 3450 quae
291 3369 451 3434 rationem
470 3370 602 3456 habent,
622 3371 829 3455 praestent
807 3393 858 3455 ιιι,
877 3394 960 3457 quae
978 3373 1045 3438 sint
1062 3374 1197 3440 rationis

189 3455 344 3538 expertia,
366 3457 521 3540 nefasque
545 3459 590 3522 sit
613 3460 716 3524 dicere
739 3460 842 3524 ullam
864 3482 934 3524 rem
956 3466 1123 3546 praestare
1145 3485 1198 3528 na·
1269 3501 1270 3508 .
