2590 3880
91 139 96 148 “
195 155 262 220 442
449 227 452 234 ,
594 153 814 212 oneremus

195 300 252 385 qui
273 303 385 385 posset
406 321 515 366 cerere
537 301 690 387 cognita?
726 298 890 384 Sapientis
907 304 1017 368 eutem
1033 300 1115 366 oisis
1132 300 1201 366 fuit

196 409 327 453 oausam
357 409 416 454 nec
446 388 661 474 perniciosam
692 392 726 454 et
756 389 805 456 ita
832 388 1036 475 popularem,
1067 392 1201 455 utnon

219 481 307 542 osset
328 476 453 560 obsisti,
474 476 652 562 perniciose
673 477 825 563 populari
842 477 905 542 oiri
922 499 989 543 non
1006 477 1199 562 relinquere.

195 499 265 630 dcis
288 566 401 649 solere,
422 565 532 650 frater,
555 566 590 631 in
611 565 706 630 huius
724 565 813 632 modi
828 573 986 649 sermone,
1007 568 1045 630 ut
1062 565 1200 632 transiri

196 653 261 718 elio
293 653 414 738 possit,
445 653 508 720 diei
537 652 745 720 ‘Admodum'
777 657 834 720 aut
865 652 1014 720 ‘Ptoraus
1044 653 1093 720 ita
1124 653 1225 720 cst.'s

196 741 230 822 Q.
253 741 350 806 Haud
370 741 520 827 equidem
543 741 716 826 adsentior,
737 746 776 808 to
797 746 907 808 tamen
925 741 966 807 ud
983 742 1109 826 relique
1126 765 1198 827 per·

196 850 255 916 ges
274 830 380 896 velim.
418 830 466 895 Μ.
483 828 675 896 Perseveras
697 833 736 895 tu
758 831 887 915 quidem
909 832 943 896 et
959 830 994 895 in
1011 833 1070 895 tua
1086 834 1197 896 vetere

196 919 357 983 sententie
377 939 557 1003 permanes.
598 919 675 986 Arc.
697 916 766 984 Neo
787 918 969 990 mehercule
992 939 1053 1006 ego
1074 940 1154 985 sane
1177 942 1198 985 a

144 1063 186 1128 12
195 1005 315 1082 Quinto
328 1010 441 1108 nostro
456 1006 620 1108 dissentio,
638 1007 755 1109 sedes,
773 1028 855 1091 quae
865 1009 1003 1108 restant,
1019 1007 1197 1110 audiamus.

141 1142 177 1190 ²⁷
194 1185 229 1248 a
249 1095 1198 1269 ll·dtllttllatllttltttltttttfflt
1212 1116 1236 1155 ¹⁰

196 1291 293 1354 quam
315 1275 555 1356 provocaretur,
578 1271 730 1357 auspicia,
752 1275 790 1337 nt
810 1271 932 1338 multos
949 1271 1082 1339 inutiles
1100 1273 1197 1340 comi·

194 1358 297 1424 tintus
315 1359 502 1444 probabiles
519 1360 702 1445 inpedirent
719 1381 843 1445 morae3
866 1381 962 1445 saepe
979 1360 1065 1430 enim
1083 1362 1198 1448 populi

194 1447 352 1532 impetum
368 1447 525 1514 iniustum
539 1449 690 1533 auspiciis
705 1448 738 1512 di
750 1448 951 1514 immortales
965 1454 1197 1535 represserunt

194 1534 244 1599 Ex
262 1536 303 1600 iis
320 1540 438 1620 autem,
455 1537 511 1620 qni
530 1537 758 1621 magistratum
776 1540 937 1622 ceperunt,
960 1537 1047 1622 quod
1064 1542 1196 1605 acastus
1210 1558 1233 1597 ιε

193 1623 343 1707 efficitur,
360 1625 516 1709 populare
533 1631 578 1691 est
594 1647 671 1690 sane
688 1624 849 1691 neminem
865 1625 901 1689 in
913 1647 1075 1690 summum
1089 1626 1197 1694 locum

193 1712 258 1777 nisi
279 1734 338 1797 per
360 1713 516 1798 populum
539 1713 648 1778 venire
670 1713 801 1779 sublate
818 1713 1024 1798 cooptatione
1041 1715 1196 1781 censoria

195 1797 257 1864 Sed
279 1804 410 1883 praesto
436 1805 487 1866 est
509 1800 604 1866 huius
626 1801 699 1866 vitii
720 1803 928 1886 temperatio,
955 1801 1041 1886 quod
1064 1807 1196 1870 senatus

140 1897 175 1946 aa
194 1888 265 1971 lege
295 1892 410 1954 nostre
445 1889 655 1955 confirmatur
692 1890 882 1975 auctoritem
917 1890 1063 1975 sequitur
1096 1891 1195 1956 enim:

193 1975 286 2040 llius
314 1976 469 2042 decreta
495 1981 583 2043 reta
608 1982 732 2043 sunto.
776 1976 862 2043 Nam
884 1977 933 2042 ita
954 2000 989 2042 se
1012 1999 1064 2044 res
1086 1978 1234 2063 habetes

193 2067 239 2147 ut,
262 2064 291 2128 si
313 2068 447 2130 senatus
469 2064 618 2131 dominus
642 2065 686 2130 sit
702 2066 824 2151 publici
842 2065 977 2149 consilii,
1000 2065 1194 2151 quodqueis

99 2183 101 2187 ·
193 2152 344 2236 ereverit,
367 2152 539 2219 defendant
562 2175 682 2238 omnes,
705 2157 746 2237 et,
769 2154 798 2218 si
820 2153 948 2220 ordines
970 2154 1088 2238 reliqui
1109 2155 1195 2240 prin-

193 2240 274 2326 cipis
301 2241 424 2306 ordinis
453 2242 587 2308 oonsilio
610 2242 864 2327 rempublicam
888 2242 1063 2328 gubernari
1084 2243 1195 2328 velint,

193 2329 298 2413 possit
315 2351 354 2394 ex
371 2330 606 2416 temperatione
624 2330 713 2414 iuris,
732 2352 830 2414 quom
848 2333 996 2415 potestas
1012 2330 1047 2396 in
1064 2333 1194 2416 populo,

193 2419 370 2483 auotoritas
392 2419 429 2484 in
449 2422 566 2484 senatu
586 2419 640 2503 sit,
662 2419 767 2484 teneri
787 2419 845 2484 ille
868 2418 1053 2484 moderatus
1071 2423 1105 2484 et
1122 2441 1194 2490 con·
1207 2437 1232 2477 2⁵

194 2527 265 2570 cors
288 2506 431 2571 civitatis
453 2510 573 2591 status,
599 2507 791 2592 praesertim
812 2507 843 2572 si
863 2507 1030 2593 proximae
1052 2507 1118 2594 legi
1139 2530 1194 2593 pe·

193 2593 325 2658 rebitur.
361 2593 447 2659 Nem
469 2595 651 2679 proximum
674 2597 736 2660 est:
758 2594 792 2660 Is
816 2595 906 2661 ordo
929 2595 1027 2662 sitio
1048 2600 1193 2680 ¹cereto,

193 2681 334 2747 ceteris
362 2683 558 2768 specimen
578 2688 671 2748 esto.
717 2687 751 2764 Q.
773 2682 946 2750 Praeclare
966 2705 1057 2767 sero,
1083 2683 1193 2768 frater,

193 2769 258 2834 ieta
284 2771 349 2852 lex,
378 2770 435 2835 scd
462 2774 495 2835 et
521 2771 588 2838 late
615 2774 719 2858 patet,
747 2775 785 2836 nt
806 2771 887 2846 vitio
910 2775 1020 2838 careat
1041 2772 1133 2857 ordo,
1160 2777 1193 2838 et

138 2869 175 2918 29
194 2879 359 2926 censorem
389 2859 517 2943 quaerit
546 2859 766 2944 interpretem.
815 2861 890 2926 Am.
917 2858 979 2924 Ille
1009 2881 1101 2945 sero,
1131 2861 1231 2928 enin

193 2949 268 3012 tuus
292 2949 341 3010 est
358 2949 449 3013 totus
468 2947 547 3013 ordo
566 2947 850 3033 gratissimamque
868 2949 1058 3016 memoriam
1076 2948 1193 3016 retinet

193 3035 380 3100 consulatus
402 3035 462 3119 tui,
483 3057 562 3121 pace
584 3039 642 3100 tus
664 3035 807 3120 dixerim,
829 3057 896 3102 non
917 3036 1013 3104 modo
1035 3057 1192 3122 censores,

194 3121 251 3186 aed
273 3123 372 3188 etiam
394 3123 515 3188 iudices
537 3145 649 3190 omnes
671 3127 782 3208 potest
803 3123 992 3210 defatigare.

143 3208 183 3272 13
259 3211 308 3274 M.
329 3210 452 3276 Omitte
479 3212 557 3295 iste,
584 3211 707 3295 Attioe3
733 3233 800 3277 non
826 3213 911 3278 enim
934 3213 973 3278 de
995 3212 1058 3280 hoc
1080 3216 1192 3280 senatu

193 3317 252 3361 neo
274 3296 326 3361 his
350 3297 388 3363 de
410 3298 610 3384 hominibus,
633 3299 689 3384 qui
709 3320 794 3366 nune
817 3304 906 3384 eunt,
927 3299 985 3366 sed
1006 3301 1046 3366 de
1067 3301 1191 3386 futuris,
1204 3318 1228 3360 π

194 3380 224 3446 ei
250 3382 307 3466 qui
327 3383 413 3450 forte
435 3386 486 3450 his
509 3387 636 3472 legibus
659 3409 772 3472 parere
794 3388 970 3473 voluerint,
996 3389 1077 3455 hacc
1098 3389 1192 3456 habs·

194 3473 249 3533 tnr
272 3469 385 3535 oratio.
425 3472 511 3538 Nam
534 3497 632 3559 quom
655 3475 743 3540 omni
765 3475 847 3540 vitio
870 3497 978 3542 carere
1001 3477 1054 3542 lex
1074 3477 1192 3564 iubeat,
