2596 3882
339 1006 387 1080 Μ.
417 1006 578 1080 TULLII
606 1005 854 1082 CICERONIS

235 1182 502 1280 nunu
542 1129 967 1283 suecica

274 1370 465 1426 LIBRORUM
483 1371 553 1426 SEX
571 1369 669 1436 QUAE
686 1370 921 1429 MANSERUN'I'.

445 1627 569 1688 LIBER
591 1627 752 1690 PRIMUS.

353 1794 359 1802 ‘
409 1784 785 1846 ARGUMENTUM.

164 1917 234 1972 Cum
251 1917 288 1975 M.
308 1916 394 1972 Tullii
416 1917 484 1972 libri
507 1917 542 1973 de
565 1934 595 1973 re
617 1917 744 1989 publica,
771 1917 802 1972 in
824 1918 925 1988 quibus
949 1919 1103 1977 scribendis

91 1989 149 2045 iam
170 1989 237 2044 inde
259 1989 295 2044 ab
314 2005 386 2044 anno
405 2007 431 2044 u.
451 2006 474 2044 a
495 1995 547 2045 ⁷00
567 1991 718 2060 occupatus
737 1988 841 2056 fuerat,
865 1990 993 2044 ediderat
1009 1993 1104 2046 autem
1141 1991 1143 1995 ’

91 2061 150 2116 fere
169 2075 242 2114 anno
260 2077 287 2114 u.
303 2077 326 2114 c.
342 2066 402 2125 703,
421 2059 470 2114 diu
488 2058 641 2114 desiderati
660 2062 755 2116 essent
768 2062 805 2128 et,
824 2060 915 2116 sicubi
929 2078 994 2132 spes
1008 2078 1103 2116 eorum

91 2128 346 2202 recuperandorum
364 2130 484 2185 subnata
502 2132 584 2198 esset,
604 2147 714 2202 semper
731 2130 902 2198 evanuisset,
920 2131 1035 2188 tandem
1048 2133 1104 2186 An·

91 2201 172 2274 gelus
191 2200 281 2256 Maius
299 2201 358 2270 has,
378 2217 447 2270 quas
461 2217 535 2255 nunc
548 2201 693 2269 habemus,
712 2218 809 2258 eorum
822 2200 957 2258 librorum
970 2203 1104 2272 reliquias

91 2273 122 2326 in
145 2271 242 2327 codiee
261 2272 398 2326 Vaticano
417 2271 603 2342 palimpsesto
621 2271 731 2327 invenit
749 2274 779 2327 et
797 2273 960 2327 coniunctas
980 2290 1043 2328 eum
1061 2290 1104 2328 oe-

90 2341 160 2398 teris
178 2342 344 2412 fragmentis
362 2341 454 2396 edidit
472 2357 545 2396 anno
563 2341 646 2396 huius
665 2343 772 2398 saeculi
787 2343 874 2397 XXII.
903 2342 980 2408 Quae
999 2343 1036 2398 ad
1048 2343 1105 2414 pri·

91 2431 169 2468 mum
186 2414 289 2467 librum
327 2412 458 2478 ertinent,
477 2413 512 2467 de
530 2411 566 2466 iis
585 2411 643 2468 fere
661 2413 732 2468 haec
751 2413 871 2468 dicenda
889 2415 960 2468 sunt

165 2483 261 2539 Cicero
280 2431 406 2538 Piatonis
430 2485 460 2538 et
477 2481 639 2538 Aristotelis
663 2484 791 2554 exemplo
814 2484 849 2539 de
872 2501 903 2539 re
946 2483 1040 2539 ubliea
1063 2483 1105 2538 in·

92 2554 187 2610 stituit
209 2553 343 2621 scribere,
368 2555 414 2621 ut,
440 2553 464 2608 si
487 2569 543 2622 qua
564 2555 662 2624 posset
679 2555 822 2610 labantem
840 2553 897 2609 iam
942 2570 1105 2608 omanorum

90 2624 312 2695 rempublicam
330 2623 450 2680 consilio
468 2625 633 2692 sustentare,
652 2624 724 2679 nihil
743 2624 871 2680 omisisse
890 2624 1040 2680 videretur.
1066 2625 1105 2680 Ut

91 2712 159 2751 vero
182 2695 242 2750 sine
260 2694 320 2749 ulla
337 2694 445 2750 invidia
464 2695 633 2764 disputaret,
657 2693 878 2766 disputationem
895 2711 953 2749 non
971 2711 989 2748 a
1007 2712 1037 2750 se
1055 2698 1105 2750 aut

90 2783 142 2821 suo
165 2767 306 2836 tempore,
330 2766 379 2820 sed
402 2765 438 2820 ab
456 2765 590 2822 Africano
612 2764 720 2821 minore
738 2766 879 2821 Tuditano
897 2765 1013 2833 Aquilio
1033 2782 1103 2821 coss.

91 2843 153 2905 (625
174 2853 198 2891 a.
217 2854 244 2890 u.
264 2838 298 2906 c.)
320 2834 447 2890 habitam
466 2834 555 2906 fingit.
587 2835 632 2889 Ad
654 2836 743 2904 hunc,
766 2837 852 2906 paulo
871 2838 937 2890 ante
956 2852 1041 2904 quam
1059 2858 1104 2891 es.-

90 2907 212 2963 stinctus
235 2907 291 2972 est,
313 2904 392 2961 feriis
411 2906 519 2960 Latinis
543 2908 732 2962 convenerant
753 2906 863 2975 aliquot
881 2905 1047 2974 familiares,
1072 2906 1104 2971 Q.

89 2976 189 3033 Aelius
202 2975 322 3042 Tubero,
340 2975 421 3031 Pauli
439 2994 474 3031 ex
486 2975 609 3031 Aemilia
626 2993 724 3047 nepos,
744 2993 838 3033 sorore
852 2976 987 3044 Africani,
1006 2976 1037 3032 L.
1052 2977 1105 3032 Fu-

89 3048 148 3103 rius
166 3046 277 3114 Philus,
299 3046 330 3102 P.
349 3046 473 3103 Rutilius
491 3046 594 3115 Rufus,
620 3046 667 3117 Sp.
686 3046 848 3117 Mummius,
873 3047 992 3102 Achaici
1009 3048 1104 3116 frater,

90 3117 121 3176 0.
131 3117 261 3183 Fannius,
279 3116 369 3172 Laelii
382 3135 476 3188 gener,
495 3117 527 3182 Q.
537 3116 645 3172 Mucius
656 3117 799 3187 Scaevola,
815 3117 845 3175 O.
854 3118 966 3174 Laelius
978 3117 1104 3190 Sapiens,

90 3188 137 3248 Μ’.
155 3187 296 3244 Manilius.
331 3187 453 3252 Quorum
471 3187 558 3244 ceteri
577 3204 640 3243 cum
658 3188 693 3243 de
712 3189 794 3244 rebus
814 3189 983 3244 caelestibus
1002 3207 1105 3245 sermo-

90 3258 264 3325 cinarentur,
288 3258 401 3314 Laelius
422 3259 514 3330 magis
537 3259 574 3313 ad
598 3258 787 3330 sepertinere
805 3260 931 3315 ostendit
949 3277 1106 3316 sermonem

90 3329 127 3386 dc
145 3346 176 3386 re
194 3329 322 3400 publica3
347 3347 431 3399 quem
448 3333 482 3386 ut
498 3329 631 3385 instituat
648 3329 797 3386 Africanus
816 3347 949 3400 suamque
969 3332 1004 3386 de
1024 3348 1058 3386 ea
1075 3347 1105 3385 re

90 3401 260 3456 sententiam
283 3403 419 3471 exponat,
443 3401 543 3457 ceteris
562 3401 786 3456 adsentientibus
804 3401 854 3457 ille
872 3402 1013 3474 impetrat
1050 3401 1105 3456 Hic

88 3469 179 3544 igitur
196 3474 269 3543 (cap.
289 3478 333 3541 24)
352 3473 467 3528 andem
487 3471 632 3528 exordiens
651 3472 773 3543 primum
791 3472 891 3529 definit
904 3473 1051 3529 notionem
1063 3472 1103 3528 rei

622 3733 651 3816 *a
