2630 3890
183 124 249 192 208
496 164 497 174 ι
533 125 582 180 nu
601 117 844 181 nrvmuurouu'

185 272 280 356 gunt;
309 291 386 335 nam
412 272 445 335 et
472 271 693 336 musculorum
718 268 881 334 iecuscula
903 268 1021 336 bruma
1044 269 1195 335 dicuntur

185 357 306 444 augeri,
329 362 362 423 et
384 358 529 445 puleium
553 357 678 422 aridum
696 357 864 422 florescere
883 357 1025 422 brumali
1042 358 1114 443 ipso
1134 359 1194 443 die,

185 450 218 511 et
239 447 370 512 inflatas
393 446 502 530 rumpi
524 445 692 530 vesiculas,
714 448 749 510 et
771 445 896 511 semina
916 446 1087 530 malorum,
1110 469 1194 531 quae

184 535 219 599 in
241 535 282 600 iis
306 534 420 600 mediis
443 535 569 599 inclusa
592 533 666 618 sint,
688 534 724 598 in
745 532 927 598 contrarias
947 535 1052 619 partis
1072 555 1106 600 se
1124 557 1194 600 ver·

184 627 263 706 tere,
285 623 351 688 iam
373 644 491 688 nervos
513 623 548 687 in
569 622 687 687 fidibus
711 621 784 686 aliis
807 620 910 706 pulsis
929 643 1082 688 resonare
1102 623 1193 707 alios,
1223 641 1237 682 s

185 711 365 795 ostreisque
393 714 427 776 et
453 710 630 795 conchyliis
658 710 808 775 omnibus
831 709 1033 795 contingere,
1060 714 1098 775 ut
1120 733 1194 777 cum

185 799 264 864 luna
281 800 405 884 pariter
423 803 569 865 crescant
582 798 770 884 pariterque
783 797 979 881 decrescant,
998 799 1194 884 arboresque

185 891 223 952 ut
245 888 380 952 hiemali
401 891 549 972 tempore
571 909 645 952 cum
660 887 746 951 luna
768 885 865 951 simul
889 891 1088 972 senescente,
1119 889 1195 972 quia

134 991 168 1040 34
186 979 258 1040 tum
281 975 460 1041 exsiccatae
483 976 558 1060 sint,
579 975 773 1060 tempestive
796 973 886 1040 caedi
907 977 1072 1059 putentur.
1110 974 1194 1052 Quid

188 1064 226 1128 de
252 1063 346 1129 fretis
374 1068 431 1128 aut
454 1064 493 1128 de
515 1063 649 1130 marinis
673 1063 816 1128 aestibus
839 1062 935 1147 plura
958 1063 1086 1129 dicam?
1116 1083 1238 1148 quo-10

187 1173 260 1217 rum
292 1174 438 1218 accessus
471 1156 504 1218 et
535 1173 679 1217 recessus
712 1152 808 1216 lunae
839 1154 932 1216 motu
962 1152 1194 1237 gubernantur.

187 1237 341 1306 Sescenta
369 1240 446 1305 licet
473 1241 616 1306 eiusdem
643 1240 731 1305 modi
758 1238 910 1324 proferri,
939 1242 978 1303 ut
1004 1239 1194 1305 distantium

186 1349 295 1393 rerum
309 1330 461 1415 cognatio
474 1329 634 1394 naturalis
649 1326 818 1414 appareat)
832 1327 998 1392 -demus
1012 1327 1089 1413 hoc3
1111 1329 1195 1392 nihil

187 1416 273 1481 enim
296 1417 371 1483 huic
394 1417 608 1502 disputationi
631 1416 780 1482 adversat
766 1419 834 1500 tur,
855 1435 933 1480 num
956 1415 1069 1501 etiam,
1093 1417 1121 1482 si
1142 1418 1195 1481 fis-

188 1526 261 1570 sum
284 1441 465 1571 cuiusdamp
472 1506 561 1570 modi
582 1505 713 1569 fuerit
703 1527 739 1568 m
759 1505 878 1588 iecore,
907 1503 1033 1569 lucrum
1056 1505 1195 1570 ostendi·
1209 1525 1238 1566 rs

186 1595 262 1660 tur?
295 1616 360 1678 qua
387 1615 426 1658 ex
453 1593 676 1660 coniunctione
703 1595 838 1658 naturae
867 1596 900 1656 et
922 1593 1016 1676 quasi
1039 1598 1196 1659 concentu

90 1748 91 1752 ,
187 1686 285 1766 atque
313 1703 484 1766 consensu,
511 1705 610 1766 quam
637 1677 851 1764 συμπάθειαν
874 1680 991 1746 Graeci
1018 1683 1196 1767 appellant,

187 1770 358 1836 convenire
384 1773 495 1856 potest
522 1774 579 1835 aut
605 1769 755 1834 fissum
745 1769 861 1834 recoris
884 1790 957 1834 cum
981 1767 1098 1836 lucello
1122 1793 1194 1836 meo

189 1862 246 1923 aut
268 1880 359 1924 meus
382 1859 601 1943 quaesticulus
624 1880 696 1924 cum
720 1857 819 1959 caelo,
841 1861 930 1922 terra
950 1879 1122 1943 rerumque
1139 1881 1196 1925 na·

139 1947 284 2014 15tura?
326 1945 508 2013 Concedam
540 1947 643 2012 hoc
632 1967 755 2030 ipsum,
791 1945 820 2010 si
851 1945 964 2030 vis,e
965 1946 1009 2010 tsi
1040 1969 1196 2034 magnam
1209 1965 1237 2005 ιο

187 2037 347 2101 iacturam
375 2057 491 2101 causae
517 2033 637 2118 fecero,
665 2034 693 2098 si
720 2034 823 2099 ullam
846 2055 916 2100 esse
939 2035 1195 2101 convenientiam

136 2137 169 2186 35
188 2127 323 2190 naturae
346 2146 419 2190 cum
443 2124 526 2188 extis
549 2144 750 2206 concesscr03
775 2122 831 2187 scd
852 2126 963 2188 tamen
986 2144 1023 2187 eo
1043 2145 1197 2190 concesso

189 2212 246 2298 qui
272 2213 392 2296 evenit,
421 2212 495 2277 ut
486 2233 528 2296 rs,
558 2211 613 2295 qui
640 2210 807 2295 impetrire
829 2211 922 2296 velit,
952 2212 1195 2278 convenientem

95 2315 96 2320 ’
187 2301 332 2367 hostiam
350 2301 447 2365 rebus
466 2299 533 2364 suis
551 2299 722 2364 immolet?
753 2299 825 2364 Hoc
843 2302 922 2383 erat,
946 2300 1031 2384 quod
1050 2321 1111 2386 ego
1129 2323 1196 2367 non
1302 2331 1303 2426 q

188 2391 285 2455 rebar
320 2410 417 2475 posse
447 2387 590 2453 dissolvi.
635 2386 682 2452 At
714 2410 811 2473 quam
842 2387 959 2453 festive
991 2387 1195 2454 dissolvitur!
1210 2403 1236 2448 as
1302 2431 1303 2438 ι

187 2479 288 2564 pudet
311 2499 363 2542 me
384 2499 450 2542 uon
472 2477 522 2541 tui
545 2476 682 2560 quidem,
705 2476 795 2541 cuius
815 2476 914 2541 etiam
932 2477 1123 2542 memoriam
1143 2478 1197 2543 ad-

189 2567 303 2720 miror,
331 2565 388 2630 sed
411 2564 597 2650 Chrysippi,
624 2564 807 2651 Antipatri,
829 2563 1009 2649 Posidonii,
1031 2566 1088 2651 qui
1109 2566 1196 2631 idem

188 2656 273 2722 istuc
292 2655 420 2739 quidem
440 2653 559 2738 dicum,
581 2653 669 2738 quod
686 2657 737 2718 est
755 2653 947 2718 dictumst
932 2656 975 2737 te,
994 2653 1034 2718 ad
1052 2652 1195 2720 hostiam
1302 2663 1303 2672 ’

188 2743 393 2831 deligendam
421 2741 534 2808 ducem
561 2763 631 2806 esse
657 2741 724 2807 vim
747 2741 909 2836 quandam
932 2741 1125 2807 sentientem
1149 2747 1197 2808 at·
1302 2805 1303 2820 ,

189 2855 251 2918 que
270 2832 422 2915 divinam,
446 2852 528 2915 quae
545 2833 618 2895 toto
637 2830 771 2895 confusa
788 2828 907 2896 mundo
927 2829 979 2895 sit.
1012 2828 1100 2896 Illud
1117 2854 1195 2897 uero
1211 2849 1237 2890 eu
1291 2845 1294 2850 ·

189 2921 293 2986 multo
322 2920 420 2984 etiam
447 2917 577 3002 melius,
605 2917 690 3002 quod
718 2922 751 2982 et
776 2939 796 2982 a
817 2921 851 2982 te
873 2920 1065 3003 usurpatum
1088 2923 1139 2985 est
1163 2923 1197 2984 et

189 3009 307 3073 dicitur
334 3008 375 3072 ab
403 3007 484 3073 illis:
516 3029 588 3072 cum
615 3007 785 3071 immolare
813 3007 975 3092 quispiam
1001 3007 1094 3092 velit,
1124 3012 1196 3073 tum
1302 2999 1303 3024 ¹

188 3096 259 3160 fieri
288 3099 436 3161 extorum
466 3095 692 3196 mutationem,
722 3098 759 3159 ut
789 3099 846 3158 aut
873 3095 959 3160 absit
987 3058 1111 3198 aliquid
1138 3100 1196 3163 aut
1300 3089 1303 3168 «Ῐ

136 3197 169 3246 36
190 3184 344 3269 supersit3
316 3183 508 3250 tdeorum
539 3182 625 3248 enim
651 3181 776 3248 numini
803 3205 916 3268 parere
944 3184 1061 3249 omnia.
1106 3184 1196 3251 Haec
1302 3215 1303 3258 1

187 3272 267 3356 iam,
290 3233 371 3336 mihi
394 3272 495 3356 crede,
517 3292 558 3336 ne
581 3269 726 3335 aniculae
750 3271 879 3355 quidem
903 3271 970 3337 exis
972 3272 1100 3337 timent.
1141 3273 1195 3338 An
1211 3290 1236 3333 eu
1276 3337 1280 3348 ,

189 3381 308 3460 censes,
331 3360 466 3424 eundem
489 3358 677 3426 vitulum'
651 3381 680 3423 sr
702 3358 785 3425 alius
810 3360 973 3447 delegerit,
996 3359 1066 3425 sine
1088 3361 1196 3446 capite

188 3448 275 3512 iecur
292 3448 530 3527 inventurum
536 3469 564 3512 ει
555 3446 676 3528 alius,
693 3470 767 3512 cum
774 3470 858 3533 capr
848 3449 913 3514 tel
945 3448 1036 3514 Haec
1051 3449 1194 3516 decessio
