2580 3874
358 127 425 183 ms.
443 130 464 183 1.
491 129 569 184 cAP.
592 135 660 184 s-r
680 135 695 196 s
715 135 827 184 11-1e.
1085 129 1105 192 9

6 127 8 140 ι

6 143 8 170 l

86 293 150 336 non
182 272 366 338 levissuma
394 273 506 358 dere,
538 277 576 339 ut
604 273 751 358 queritur
771 273 829 337 ille
858 273 911 337 ‘in
939 273 1105 338 civitate

6 361 8 436 l
87 360 179 424 ficri
202 360 386 426 facinora
409 361 629 446 capitalia':

151 484 200 548 ab
225 484 350 550 amico
375 489 527 550 amante
551 489 756 571 argentum
785 485 964 570 accipere
988 494 1105 549 mere·'

470 573 474 580 ’
730 573 809 637 trix
831 595 907 638 non
929 573 1028 658 vult,
1054 637 1056 642 .

6 781 7 786 γ
86 713 143 778 sed
165 716 206 779 ut
230 714 350 797 adsint,
373 717 579 800 cognoscant,
602 713 873 799 animadvertant,
896 714 974 798 quid
996 714 1035 778 de
1057 735 1105 778 re
1125 727 1158 778 14

6 855 7 886 3
63 802 226 887 sligione,
250 803 388 887 pietate,
417 803 604 884 sanctitate,
627 803 845 887 caerimoniis,
868 803 944 886 fide,
966 802 1036 867 iure
1059 802 1105 867 iu-

6 921 8 926 *
85 889 201 974 raudo,
225 889 364 974 quidde
386 891 533 976 templis,
556 890 699 955 delubris
724 891 954 975 sacrificiisque
977 890 1105 956 sollem-

6 1035 7 1040 ,
85 979 201 1062 nibus,
228 978 307 1062 quid
330 978 370 1042 de
392 978 473 1063 ipsis
493 979 659 1064 auspiciis,
678 979 797 1061 quibus
821 1001 881 1044 nos
904 1000 1105 1063 praesumus,

6 1115 16 1122 η.
86 1066 344 1131 existimandum
371 1066 428 1150 sit,
459 1067 540 1132 haec
567 1067 653 1131 enim
681 1068 791 1132 omnia
813 1068 855 1132 ad
880 1066 966 1133 hanc
993 1066 1104 1132 dedis

86 1155 322 1220 imnortalibus
343 1155 565 1238 quaestionem
583 1155 752 1220 referenda
771 1159 855 1220 sunt.
882 1154 1034 1220 Profecto
1049 1177 1104 1222 eos

52 1261 74 1299 10
86 1243 190 1328 ipsos,
212 1244 270 1326 qui
292 1265 327 1308 se
351 1243 474 1327 aliquid
497 1243 579 1309 certi
600 1243 720 1308 habere
740 1245 950 1327 arbitrantur,
974 1244 1105 1308 addubi-

86 1335 160 1396 tare
193 1334 291 1417 coget
323 1331 585 1396 doctissimorum
616 1331 787 1403 hominum,
818 1332 856 1396 de
887 1353 1039 1397 maxuma
1069 1353 1105 1396 re

86 1422 184 1484 tanta
208 1419 377 1484 dissensio.
422 1418 515 1496 Quod
538 1442 611 1485 cum
634 1441 731 1505 saepe
755 1420 846 1503 aliae,
870 1423 941 1484 tum
964 1420 1104 1486 maxime
1125 1421 1157 1484 15

88 1506 317 1591 animadverti,
341 1529 414 1572 oum
431 1508 523 1592 ,apud
547 1506 580 1573 O.
604 1506 746 1593 Cottam,
768 1508 965 1573 familiarem
987 1530 1106 1592 meum,

89 1599 241 1661 accurate
264 1617 344 1660 sane
367 1600 400 1660 et
423 1595 597 1682 diligenter
616 1597 654 1661 de
673 1596 723 1660 dis
745 1597 975 1662 inmortalibus
999 1597 1106 1682 dispu-

53 1701 75 1740 15
88 1687 198 1748 tatum
222 1688 281 1750 est.
311 1682 400 1749 Nam
422 1707 495 1750 oum
513 1683 604 1749 feriis
622 1683 749 1749 Latinis
766 1685 814 1750 ad
838 1706 911 1749 eum
933 1684 1036 1770 ipsius
1055 1707 1106 1749 ro

89 1776 172 1858 gatu
196 1773 418 1856 arcessituque
440 1772 615 1858 venissem,
644 1773 762 1837 offendi
786 1795 860 1837 eum
883 1772 1048 1838 sedentem
1070 1773 1106 1837 in

89 1861 209 1925 exedra
241 1865 275 1926 et
307 1853 381 1926 cum
408 1859 443 1927 O.
465 1859 594 1926 Velleio
622 1865 771 1926 senatore
802 1861 1036 1946 disputantem,
1065 1861 1106 1926 ad

89 1971 187 2033 quem
215 1954 288 2014 tum
310 1948 464 2034 Epicurei
486 1949 609 2035 primas
633 1970 672 2013 ex
698 1949 820 2014 nostris
844 1949 1031 2015 hominibus
1055 1949 1106 2013 de·

87 2037 250 2102 ferebant.
282 2036 408 2102 Aderat
431 2037 531 2102 etiam
551 2035 588 2113 Q.
601 2036 745 2102 Lucilius
759 2035 892 2121 Balbus,
916 2037 973 2121 qui
994 2041 1105 2102 tantos

52 2141 286 2211 roprogressus
314 2125 459 2192 habebat
485 2126 521 2190 in
548 2123 678 2210 Stoicis,
707 2129 745 2190 ut
771 2148 845 2191 cum
873 2125 1106 2190 excellentibus
1149 2135 1150 2139 ’

87 2214 123 2277 in
141 2236 180 2279 eo
201 2235 321 2299 genere
336 2212 468 2279 Graecis
488 2216 740 2298 compararetur.
770 2213 862 2298 Tum,
885 2217 923 2279 ut
940 2236 992 2277 me
1007 2212 1106 2279 Cotta

88 2302 186 2387 vidit,
219 2301 458 2386 Peroportune,
490 2301 610 2386 inquit,
637 2302 742 2385 venis3
775 2301 880 2367 oritur
907 2302 994 2367 enim
1024 2301 1106 2366 mihi

88 2411 213 2476 magna
236 2390 276 2454 de
299 2412 334 2454 re
358 2389 528 2455 altercatio
552 2411 625 2454 cum
642 2387 779 2474 Velleio,
803 2390 855 2454 cui
876 2411 937 2474 pro
959 2394 1017 2453 tuo
1040 2392 1105 2454 stu·

89 2478 141 2542 dio
163 2500 234 2542 non
254 2481 305 2542 est
322 2478 465 2543 alienum
488 2481 522 2542 te
540 2478 704 2542 interesse.
750 2477 860 2562 Atque
878 2478 960 2542 mihi
979 2498 1105 2560 quoque
1125 2446 1159 2574 {a

54 2581 77 2622 2⁵
88 2566 212 2650 videor,
235 2566 381 2650 inquam,
398 2567 535 2648 venisse,
557 2569 595 2629 ut
613 2565 703 2650 diois,
720 2569 888 2650 oportune.
920 2565 1000 2629 Tres
1020 2564 1105 2628 enim

87 2654 190 2718 trium
216 2653 463 2739 disciplinarum
489 2653 652 2738 principes
680 2653 885 2718 convenistis.
930 2651 973 2716 M.
997 2655 1106 2716 autem

86 2741 165 2807 Piso
194 2742 225 2806 si
254 2741 396 2826 adesset,
427 2742 549 2806 nullius
577 2741 805 2826 philosophiae
833 2762 944 2806 earum
968 2739 1106 2822 quidem,

89 2830 233 2914 quaein
260 2829 385 2896 honore
408 2834 498 2913 sunt,
521 2832 653 2894 vacaret
675 2829 775 2894 locus.
816 2828 900 2892 Tum
923 2826 1034 2893 Cotta:
1063 2825 1107 2911 Si,

87 2919 206 3002 inquit,
225 2917 310 2982 liber
324 2916 482 2983 Antiochi
498 2917 613 3000 nostri,
637 2917 693 3000 qui
711 2917 752 2982 ab
776 2939 814 2982 eo
836 2938 940 3000 nuper
963 2915 1108 2980 adhunc
1153 2967 1155 2971 .

53 3021 75 3060 ³⁰
87 3001 235 3072 Balbum
257 3006 377 3070 missus
401 3009 460 3090 est,
482 3026 561 3070 vera
583 3004 736 3088 loquitur,
758 3005 842 3069 nihil
866 3008 924 3088 est,
947 3003 1033 3087 quod
1056 3003 1107 3066 Pi-

88 3101 217 3179 sone'm,
249 3093 447 3158 familiarem
475 3097 581 3177 tuum,
614 3093 788 3176 desideres3
824 3091 987 3157 Antiocho
1021 3092 1107 3154 enim

88 3180 191 3249 Stoici
215 3205 291 3249 cum
313 3181 542 3266 Peripateticis
566 3201 601 3244 re
624 3181 790 3245 concinere
812 3181 975 3262 videntur,
997 3179 1106 3244 verbis

89 3272 289 3356 discrepare,
312 3293 376 3355 quo
401 3269 440 3334 de
463 3270 558 3354 libro,
575 3267 688 3352 Balbe,
710 3268 810 3333 velim
833 3267 915 3332 scire
938 3266 1015 3350 quid
1038 3288 1107 3331 sen-

88 3359 161 3426 tias.
188 3359 333 3444 Egone?
362 3357 470 3442 inquit
491 3358 558 3422 ille.
585 3354 689 3420 Miror
710 3355 918 3439 Antiochum,
941 3353 1106 3419 hominem

54 3461 77 3501 ³⁵
88 3446 122 3510 in
138 3446 259 3533 primis
279 3450 420 3530 acutum,
437 3467 505 3510 non
522 3444 641 3510 vidisse
655 3444 812 3508 interesse
825 3443 1002 3528 plurimum
1020 3442 1107 3506 inter
