2610 3894
201 142 265 207 106
515 139 565 194 DE
584 139 737 194 NATURA
753 137 909 194 DEORUM

198 309 270 352 rum
297 285 459 350 neminem
486 283 551 348 nisi
576 283 709 349 iuvante
736 283 795 348 deo
825 283 927 347 talem
954 281 1055 347 inisse
1083 283 1213 348 creden·
1296 252 1297 342 l

149 391 198 441 166
213 375 291 441 dum
318 378 376 438 est.
423 372 511 448 Quae
538 371 623 436 ratio
650 375 765 456 potita·
793 392 1007 455 maxumeque
1030 369 1213 436 Homerum

199 463 333 549 inpulit,
360 464 397 526 ut
419 459 621 545 principibus
644 460 793 543 heroum,
815 457 920 542 Ulixi,
941 458 1101 543 Diomedi,
1123 459 1212 544 Aga

199 550 377 633 memnoni,
399 547 536 631 Achilli,
559 550 665 613 certos
689 547 765 614 deos
789 547 1010 613 discriminum
1033 550 1066 611 et
1088 548 1212 632 pericu-

199 641 307 705 lorum
330 636 465 703 comites
488 635 687 722 adiungeret
722 635 897 701 Praeterea
913 636 1059 720 ipsorum
1078 635 1239 702 deorums

199 723 1213 898 11111111111111111111111111111

200 904 277 986 suli,
305 901 392 986 quod
415 900 544 986 quidem
566 900 771 986 intellegitur
794 901 895 965 etiam
918 900 1213 986 significationibus

199 1013 308 1056 rerum
335 989 532 1073 futurarum,
560 991 738 1072 quactum
761 988 1010 1073 dormientibus,
1037 993 1109 1053 tum
1131 989 1214 1073 vigi-

199 1079 344 1145 lantibus
358 1077 605 1162 portenduntur.
637 1076 743 1142 Multa
755 1080 925 1162 praeterea
939 1077 1087 1161 ostentis,
1106 1079 1214 1142 multa
1227 1098 1253 1136 10

200 1167 282 1234 extis
314 1166 525 1232 admonemur
548 1165 725 1250 multisque
748 1165 844 1230 rebus
868 1165 956 1248 aliis,
984 1186 1065 1249 quas
1089 1165 1213 1230 diutur-

198 1278 259 1321 nus
287 1276 365 1319 usus
392 1254 441 1319 ita
468 1253 610 1338 notavit,
638 1256 676 1318 ut
699 1256 803 1319 artem
827 1253 1035 1318 divinationis
1060 1253 1213 1320 efficeret.

147 1359 197 1407 161
212 1343 318 1408 Nemo
345 1342 447 1428 igitur
474 1342 525 1407 vir
552 1362 690 1428 magnus
720 1341 788 1406 sine
816 1341 927 1425 aliquo
955 1341 1078 1407 adfiatu
1101 1341 1213 1408 divino

199 1454 354 1517 umquam
380 1430 453 1496 fuit.
497 1429 567 1495 Nec
594 1451 670 1496 vero
699 1431 734 1495 id
759 1430 807 1494 ita
833 1429 1047 1494 refellendum
1075 1433 1138 1516 est,
1165 1435 1213 1515 ut,

200 1522 229 1586 si
251 1519 417 1606 segetibus
441 1521 497 1584 aut
519 1518 637 1583 vinetis
662 1518 841 1603 cuiuspiam
859 1521 1038 1603 tempestas
1056 1519 1254 1602 nocuerit,1s

200 1612 258 1674 aut
286 1609 314 1673 si
341 1607 419 1691 quid
442 1629 459 1671 e
482 1606 569 1672 vitae
593 1606 770 1672 commodis
794 1627 888 1671 casus
913 1607 1101 1692 abstulerit,
1129 1629 1214 1691 eum,
1298 1639 1299 1684 3

199 1697 251 1763 cui
284 1695 361 1780 quid
389 1695 507 1760 horum
535 1694 699 1777 acciderit,
732 1697 789 1759 aut
816 1694 959 1760 invisum
987 1695 1045 1760 deo
1073 1699 1133 1760 aut
1158 1718 1215 1760 ne·

199 1785 344 1871 glectum
376 1805 396 1848 a
424 1783 483 1849 deo
510 1783 696 1848 iudicemus.
741 1781 863 1868 Magna
890 1783 923 1846 di
949 1785 1077 1868 curant,
1109 1805 1215 1868 parva

198 1873 387 1959 neglegunt.
423 1870 553 1956 Magnis
577 1874 687 1935 autem
705 1870 785 1936 viris
804 1893 980 1956 prosperae
999 1892 1127 1956 semper
1146 1894 1213 1936 om-

198 1983 255 2026 nes
279 1982 341 2044 res,
365 1959 525 2043 siquidem
548 1959 628 2023 satis
653 1981 672 2023 a
694 1959 816 2024 nostris
840 1963 873 2023 et
897 1983 916 2024 a
938 1959 1084 2044 principe
1107 1960 1213 2044 philo·
1229 1979 1255 2018 ao

199 2049 334 2134 sophiae
357 2045 489 2113 Sociale
513 2046 635 2112 dictum
658 2051 709 2112 est
732 2046 771 2112 de
794 2048 999 2113 ubertatibus
1022 2047 1156 2112 virtutis
1179 2053 1214 2113 et

200 2158 311 2222 copus.

146 2197 187 2262 67
266 2224 357 2290 Haec
374 2223 457 2288 mihi
473 2223 540 2288 fere
558 2223 593 2288 in
611 2226 753 2288 mentem
771 2222 956 2308 veniebant,
979 2246 1060 2307 quae
1079 2223 1215 2291 dicenda

148 2272 351 2399 168putarem
374 2312 412 2376 de
435 2315 554 2378 natura
575 2311 718 2376 deorum.
764 2310 813 2375 Tu
837 2316 955 2396 autem,
977 2307 1089 2396 Cotta,
1109 2313 1138 2376 si
1160 2336 1213 2378 me

200 2402 323 2486 audias,
342 2401 476 2466 eandem
494 2421 626 2466 causam
645 2421 725 2486 agas
744 2403 840 2483 teque
859 2404 892 2465 et
910 2400 1090 2486 principem
1108 2401 1214 2466 civem
1227 2419 1254 2461 2⁵

200 2494 234 2555 et
260 2489 447 2575 pontificem
477 2511 547 2554 esse
575 2489 699 2574 cogites
728 2491 774 2572 et,
807 2488 960 2572 quoniam
982 2489 1017 2552 in
1039 2493 1214 2575 utramque

199 2582 329 2664 partem
351 2576 445 2643 vobis
468 2577 546 2642 licet
569 2577 745 2661 disputare,
767 2576 852 2641 hanc
869 2577 979 2661 potius
998 2598 1108 2642 sumas
1128 2599 1214 2643 eam·

200 2689 263 2751 que
280 2665 472 2732 facultatem
491 2664 677 2748 disserendi,
701 2686 799 2748 quam
816 2664 880 2728 tibi
898 2688 919 2730 1
936 2664 1108 2730 rhetoricis
1125 2687 1214 2730 exer·

200 2755 410 2820 citationibus
443 2757 611 2838 acceptam
640 2752 854 2837 amplificavit
880 2752 1069 2838 Academia,
1101 2755 1214 2838 potius

199 2843 262 2908 huc
281 2841 438 2908 conferas.
468 2841 558 2906 Mala
577 2839 663 2905 enim
682 2844 716 2904 et
733 2839 835 2925 impia
853 2841 1050 2906 consuetudo
1070 2845 1121 2906 est
1139 2865 1214 2908 con-
1228 2860 1255 2900 ³⁰

199 2933 253 2998 tra
275 2930 353 2996 deos
372 2929 567 3015 disputandi,
591 2928 660 2993 sive
679 2950 718 2992 ex
737 2927 846 2993 animo
864 2929 898 2994 id
915 2930 954 2993 fit
968 2930 1036 2995 sive
1051 2929 1215 2997 simulate.

601 3176 812 3186 ———-—.
