2610 3894
195 131 259 195 114
502 130 551 186 DE
569 129 723 186 NATURA
741 129 896 186 DEORUM

191 275 306 358 fuisse,
337 278 388 360 ut,
420 297 495 341 cum
527 275 698 341 ostendere
729 276 845 360 velles,
877 276 990 360 quales
1021 275 1055 342 di
1087 287 1208 362 essent,

193 364 380 430 ostenderes
399 364 518 436 ,nullos
546 384 624 429 esse.
671 362 702 428 A
730 364 961 429 consuetudine
989 365 1075 430 enim
1099 366 1208 433 oculo

192 474 265 517 rum
289 452 434 517 animum
456 451 614 518 abducere
634 450 863 516 difficillimum
882 452 1020 537 dicebas,
1043 453 1109 537 sed,
1133 475 1208 520 cum
1289 452 1290 488 ¹

192 541 252 606 deo
270 540 355 605 nihil
373 540 594 626 praestantius
614 543 708 623 esset,
726 562 793 605 non
811 540 994 625 dubitabas,
1018 541 1097 626 quin
1115 564 1208 607 mun-

192 629 252 694 dus
285 632 372 694 esset
404 629 498 714 deus,
530 650 594 714 quo
626 629 709 693 nihil
740 628 776 693 in
807 649 916 694 rerum
942 633 1062 695 natura
1089 631 1207 695 melius
1234 651 1248 689 ι

193 721 288 783 esset.
332 716 430 782 Modo
457 737 627 801 possemus
650 737 729 781 eum
756 717 956 782 animantem
983 719 1130 804 cogitare
1152 719 1207 784 vel

137 820 172 868 21
192 808 317 892 potius,
342 808 380 870 ut
403 810 511 870 cetera
534 805 649 888 oculis,
672 805 719 870 sic
742 805 850 870 animo
873 804 935 871 hoc
958 808 1100 872 cernerel
1143 803 1208 872 Sed
1290 825 1291 840 ³

192 916 266 960 cum
294 893 415 959 mundo
444 914 546 979 negas
576 893 749 978 quicquam
771 914 842 958 esse
864 893 994 978 melius,
1024 894 1103 979 quid
1126 895 1206 961 dieis

193 982 332 1047 melius?
373 978 408 1046 si
430 981 608 1067 pulchrius,
631 981 810 1066 adsentior,
833 981 862 1046 si
885 982 994 1067 aptius
1018 982 1060 1047 ad
1082 983 1208 1049 utilita-

171 1074 243 1135 ‹tes
265 1073 411 1153 nostras,
437 1070 472 1134 id
495 1091 622 1155 quoque
645 1069 824 1153 adsentior3
851 1069 903 1134 sin
925 1075 1035 1135 autem
1057 1070 1092 1136 id
1115 1071 1247 1156 dicis,1⁰

192 1157 275 1222 nihil
300 1178 370 1223 esse
393 1158 513 1223 mundo
537 1156 729 1243 sapientius,
757 1158 850 1223 nullo
873 1158 971 1224 modo
993 1180 1129 1245 prorsus
1152 1159 1207 1225 ad·

193 1247 329 1331 sentior,
357 1268 423 1311 non
450 1246 536 1330 quod
564 1246 695 1311 difficile
723 1246 767 1311 sit
793 1249 937 1311 mentem
965 1247 1006 1312 ab
1031 1247 1134 1313 oculis
1158 1269 1208 1312 se·

192 1356 321 1419 vocare,
346 1334 403 1400 sed
426 1355 490 1419 quo
513 1335 620 1420 magis
643 1355 772 1418 sevoco,
795 1356 833 1400 eo
856 1334 963 1400 minus
986 1335 1034 1419 id,
1057 1336 1144 1420 quod
1168 1340 1207 1401 tu
1291 1347 1292 1368 ²

151 1424 172 1489 9
192 1423 255 1507 vis,
277 1443 413 1509 possum
435 1427 543 1488 mente
566 1423 846 1508 comprehendere.
891 1421 984 1487 Nihil
1008 1425 1205 1490 autmundo

192 1512 309 1577 melius
336 1512 371 1576 in
398 1533 507 1576 rerum
533 1515 660 1576 natura.
709 1509 760 1576 Ne
789 1510 824 1574 in
851 1511 948 1575 terris
972 1512 1101 1596 quidem
1125 1513 1207 1578 urbe
1222 1530 1247 1571 1⁵

192 1604 319 1684 nostra3
352 1621 432 1665 num
463 1599 567 1686 igitur
596 1599 715 1664 idcirco
751 1599 787 1662 in
817 1599 898 1664 urbe
931 1620 1001 1665 esse
1034 1601 1207 1686 rationem,

192 1688 439 1774 cogitationem,
467 1691 609 1753 mentem
632 1687 751 1773 putas?
779 1690 850 1772 ant,
878 1688 1032 1771 quoniam
1058 1710 1126 1754 non
1153 1690 1208 1773 sit,

191 1798 270 1842 num
299 1776 419 1842 idcirco
452 1776 618 1868 existimas
649 1775 821 1841 formicam
848 1776 1107 1861 anteponendam
1136 1799 1208 1842 esse

191 1864 267 1930 huic
303 1864 550 1950 pulcherrumae
586 1863 674 1949 urbi,
711 1863 797 1949 quod
828 1863 863 1928 in
894 1865 974 1929 urbe
1011 1885 1123 1930 sensus
1162 1866 1208 1930 sit
1293 1918 1294 1942 ,

191 1954 310 2038 nullus,
332 1953 367 2017 in
389 1952 527 2018 formica
547 1973 615 2017 non
636 1952 733 2017 modo
756 1973 879 2035 sensus,
902 1951 958 2017 sed
981 1953 1081 2018 etiam
1104 1973 1206 2036 mens,
1221 1973 1247 2013 a

192 2042 291 2126 ratio,
328 2041 507 2106 memoria?
557 2040 676 2106 Videre
708 2043 851 2125 oportet,
883 2039 1001 2124 Balbe,
1034 2041 1112 2125 quid
1143 2042 1207 2106 tibi

138 2141 173 2191 22
192 2129 396 2213 concedatur,
418 2151 485 2194 non
506 2133 540 2194 te
562 2129 679 2214 ipsum,
702 2128 788 2212 quod
805 2127 896 2212 velis,
919 2149 1054 2194 sumere.
1098 2127 1207 2195 Istum

194 2217 280 2282 enirn
309 2219 417 2282 locum
446 2221 554 2282 totum
581 2217 640 2282 illa
666 2220 760 2281 vetus
789 2213 926 2281 Zenonis
955 2217 1063 2283 brevis
1091 2221 1138 2302 et,
1168 2223 1207 2284 ut

192 2306 255 2371 tibi
282 2305 466 2388 videbatur,
493 2307 588 2370 acuta
611 2304 774 2370 conclusio
798 2303 957 2370 dilatavit.
1002 2303 1088 2371 Zeno
1118 2306 1207 2372 enim

192 2396 241 2460 ita
259 2393 433 2460 concludit:
457 2391 561 2468 ‘Quod
579 2393 706 2457 ratione
723 2391 836 2474 utitur,
853 2392 887 2456 id
905 2393 1022 2458 melius
1041 2397 1092 2458 est
1105 2415 1206 2479 quam
1220 2411 1246 2454 aa

192 2483 240 2567 id,
269 2479 355 2568 quod
378 2481 504 2546 ratione
526 2502 593 2545 non
615 2480 732 2564 utitur3
758 2479 841 2544 nihil
865 2483 974 2546 autem
996 2482 1117 2547 mundo
1140 2506 1207 2549 me

139 2584 174 2635 23
194 2572 273 2655 lius3
304 2570 432 2635 ratione
463 2569 565 2655 igitur
596 2568 734 2633 mundus
762 2567 886 2633 utitur!
931 2567 1004 2638 Hoc
1031 2570 1061 2634 si
1085 2571 1207 2656 placet,

193 2660 260 2725 iam
279 2659 409 2742 efficies,
426 2662 464 2723 ut
481 2658 619 2722 mundus
639 2656 761 2742 optime
780 2657 901 2720 librum
919 2658 1028 2743 legere
1046 2657 1206 2725 videatur.

193 2747 333 2813 Zenonis
369 2746 455 2812 enim
486 2745 635 2830 vestigiis
666 2744 729 2813 hoc
760 2745 855 2810 modo
887 2746 1048 2810 rationem
1079 2749 1206 2832 poteris

194 2837 397 2901 concludere:
421 2832 525 2909 ‘Quod
548 2833 731 2898 litteratum
755 2836 813 2917 est,
836 2832 871 2896 id
889 2837 940 2898 est
957 2834 1083 2919 melius,
1105 2857 1207 2919 quam
1220 2854 1245 2895 cc

195 2923 282 3008 quod
303 2945 370 2988 non
392 2926 443 2988 est
465 2923 663 3006 litteratum3
691 2921 774 2985 nihil
799 2925 908 2986 autem
930 2923 1051 2988 mundo
1073 2925 1206 3010 melius3

195 3011 361 3076 litteratus
384 3011 486 3098 igitur
508 3013 559 3076 est
581 3009 739 3074 mundus?
775 3007 846 3073 Isto
869 3010 964 3075 modo
988 3011 1088 3076 etiem
1106 3012 1207 3078 diser-

194 3102 249 3163 tus
273 3103 306 3163 et
329 3099 459 3184 quidem
481 3097 746 3181 mathematicus,
772 3097 927 3182 musicus,
955 3099 1044 3164 omni
1066 3099 1207 3186 denique

195 3186 343 3252 doctrina
366 3188 520 3271 eruditus,
543 3190 710 3272 postremo
732 3184 948 3271 philosophus
971 3187 1034 3252 erit
1054 3188 1206 3255 mundus.

195 3271 298 3358 Saepe
321 3274 403 3340 dixti
425 3275 509 3340 nihil
531 3274 602 3339 fieri
624 3274 689 3339 nisi
711 3295 750 3338 ex
773 3295 825 3358 eo,
846 3295 906 3338 nec
927 3273 1020 3339 illam
1042 3276 1110 3342 rim
1134 3299 1206 3344 esse
1219 3293 1246 3336 ³⁸

195 3365 344 3446 naturae,
371 3366 409 3429 ut
431 3363 482 3428 sui
505 3363 678 3428 dissimilia
699 3364 811 3447 posset
834 3361 1002 3449 effingere3
1030 3365 1206 3431 concedam

193 3471 262 3518 non
283 3449 380 3515 modo
403 3451 602 3516 animantem
620 3454 654 3517 et
672 3450 851 3536 sapientem
871 3471 941 3516 esse
959 3452 1124 3537 mnndum,
1147 3455 1207 3521 sed
