2578 3874
191 115 256 180 346
547 115 596 171 DE
615 113 663 170 RE
680 112 836 169 PUBLIOA

190 257 336 325 Curt
273 258 336 345 igit
336 281 375 325 ur
394 260 472 325 dous
490 259 624 343 homini,
647 259 774 324 animus
792 259 932 344 imperat
950 256 1088 342 corpori,
1111 257 1197 322 ratio

190 348 318 413 libidini
335 349 514 432 ceterisque
532 347 660 413 vitiosis
680 347 781 412 animi
793 347 965 432 partibus?
987 347 1198 431 (Augustinus

190 438 226 502 de
247 437 303 502 etv.
325 437 374 502 dei
396 436 488 501 XIX
506 437 575 518 21.)

85 500 180 627 ἕξ)
250 524 345 590 Audi
370 525 586 605 manifestiora
612 545 690 606 quae
716 525 801 591 dicut
820 523 1017 608 (Tullius)'
1002 543 1039 588 m
1062 523 1141 588 libro
1162 524 1200 587 de

137 579 222 678 ³⁷re
244 613 372 695 pulice
401 614 501 691 tertio,
530 633 600 677 cum
626 618 728 694 uperet
715 614 785 678 tde
806 632 901 678 cause
924 612 1116 694 imperandi:
1143 609 1224 676 Ana

188 723 269 786 non,
296 701 411 782 iuquit,
440 700 600 766 cernimus
631 700 755 786 optimo
783 701 898 784 cuique
926 697 1129 766 dominatum
1156 699 1199 764 ub

188 789 262 873 ipsa
284 792 402 853 natura
424 810 497 854 cum
520 809 647 854 summa
669 793 706 852 ut
693 789 815 854 tilitate
836 788 1040 854 infirmorum
1063 787 1120 889 dat
1120 787 1199 852 um?

190 875 336 962 Our't1git
338 898 375 941 ur
395 876 472 941 deus
490 876 624 960 homini,
648 877 776 978 animus
794 877 934 1029 imperat
952 874 1090 962 corpori,
1112 875 1199 977 ratio

188 1053 361 1138 partibus?
394 1053 506 1118 Adhuc
526 1055 619 1131 uude}
636 1054 734 1137 paulo
751 1059 824 1136 post
839 1055 938 1118 euim:
962 1051 1025 1118 Sed
1043 1052 1109 1118 et
1099 1074 1200 1138 impe
1213 1071 1237 1110 ιι

189 1140 284 1206 randi
306 1144 340 1206 et
363 1141 531 1226 serviendi,
553 1143 663 1224 iuquit,
687 1146 765 1207 sunt
782 1141 1063 1206 dissimilitudines
1083 1161 1201 1226 cogno·

190 1230 333 1294 scendae.
377 1227 464 1294 Nam
494 1234 532 1295 ut
564 1229 690 1296 animus
722 1231 851 1316 corpori
883 1230 1000 1295 dicitur
1028 1228 1200 1314 imperare,
1279 1246 1280 1254 ¹

189 1318 307 1383 dieitur
330 1318 430 1383 etiam
452 1318 594 1402 libidini,
617 1319 673 1383 sed
696 1318 824 1403 corpori
846 1321 884 1383 ut
906 1340 963 1382 rex
987 1317 1112 1384 civibus
1131 1317 1200 1382 suis

190 1409 247 1472 cut
273 1429 392 1490 parens
418 1406 543 1491 liberis,
571 1407 699 1472 libidini
722 1409 831 1472 autem
853 1409 891 1471 ut
913 1406 1016 1472 servis
1039 1405 1201 1490 dominus,

190 1495 276 1580 quod
305 1517 375 1560 cam
398 1499 523 1561 co’e'rcet
546 1497 579 1558 et
601 1495 740 1580 frangit,
768 1495 815 1560 sio
838 1515 966 1581 regum,
993 1495 1039 1560 sic
1061 1494 1202 1579 impera·
1215 1511 1239 1554 ιι

189 1588 312 1666 torum,
336 1583 382 1649 sic
405 1583 673 1668 magistratuum,
696 1583 743 1648 sic
765 1587 911 1668 patrum,
935 1583 981 1648 sic
1003 1582 1201 1668 populorum

189 1672 327 1756 imperia
350 1670 474 1736 civibus
498 1672 658 1755 sociisque
680 1676 836 1757 praesunt
867 1674 905 1736 ut
923 1670 1113 1756 corporibus
1134 1671 1202 1734 ani·

189 1781 271 1843 mus,
290 1759 411 1824 domini
430 1764 539 1824 autem
557 1781 668 1825 servos
686 1760 734 1824 ita
752 1760 904 1846 fatigant,
923 1763 960 1822 ut
978 1758 1104 1843 optima
1122 1781 1201 1843 pars

189 1848 303 1931 animi,
325 1848 360 1913 id
382 1851 433 1912 est
456 1849 583 1933 sapient
585 1848 628 1932 ia,
653 1847 794 1913 eiusdem
818 1847 917 1912 animi
940 1846 1077 1911 vitiosas
1099 1847 1202 1912 imbe-

189 1936 347 2020 cillusque
365 1939 441 2019 part
443 1958 485 2019 es,
508 1940 546 2001 ut
564 1936 770 2020 libidinosa
770 1935 995 2016 tiracundiaS,
1017 1938 1055 2000 ut
1072 1939 1201 2020 pertur—
1215 1954 1241 1995 ιι

189 2024 417 2089 bationest
366 2027 417 2088 cet
419 2046 498 2089 eras
536 2023 751 2107 (Arpuste'uus
777 2028 883 2090 coutru
897 1987 1071 2089 Iulidumn
1092 2023 1201 2106 Petup.

149 2112 316 2198 ¹11712.
340 2112 434 2177 err.
458 2112 541 2194 xp
566 2112 747 2196 creme.)

146 2274 148 2278 ,
257 2201 369 2265 Nouue
391 2198 531 2265 Cicero
516 2221 552 2265 m
575 2201 662 2266 libris
684 2202 721 2267 de
741 2221 776 2266 re
791 2202 932 2283 publiea,
954 2222 1024 2267 cum
1045 2202 1118 2266 de
1104 2222 1200 2283 empe-

188 2289 310 2353 riorum
336 2287 511 2368 differeute'u
537 2289 707 2370 disputaret
733 2296 762 2354 et
749 2289 875 2355 thuim
896 2291 944 2355 rei
963 2290 1202 2391 similitudmem

189 2398 227 2442 eu
255 2381 372 2440 uatum
397 2375 531 2442 homimis
557 2379 740 2457 adsumeret,
768 2381 806 2442 ut
791 2377 909 2442 tfiliis
936 2379 1018 2443 diuet
1005 2373 1201 2462 tir‘nperari
1215 2395 1242 2438 ιι

190 2464 335 2550 corporis
354 2465 509 2530 membris
527 2468 626 2550 propt
627 2487 662 2529 cr
680 2465 872 2531 oboediendi
884 2465 1087 2549 facilitatem,
1104 2465 1201 2531 vitio-

190 2575 244 2618 sas
273 2574 350 2618 vero
384 2553 484 2618 animi
515 2555 679 2638 partesu
657 2557 695 2618 ut
727 2575 837 2620 servos
870 2553 1034 2638 asperiora
1060 2553 1200 2639 imperio

189 2641 352 2707 codrceri?
388 2641 599 2724 (Auqmtmuo
620 2643 658 2706 de
679 2643 733 2709 ctu
755 2643 805 2707 etei
827 2642 883 2707 XI
888 2643 917 2706 V
934 2647 979 2707 23
980 2642 1003 2726 )

255 2730 304 2794 M.
330 2728 452 2794 Tullius
472 2731 509 2794 de
530 2729 706 2810 repudium
729 2731 779 2795 lib.
797 2729 877 2794 III:
900 2730 962 2794 use
985 2729 1072 2795 enim
1095 2751 1200 2816 genus

189 2817 330 2881 iniustae
354 2817 534 2900 servitutis,
557 2839 630 2883 cum
652 2818 677 2882 ii
700 2820 776 2884 sunt
800 2818 948 2902 alterius,
973 2819 1028 2902 qui
1051 2819 1102 2883 sui
1124 2841 1199 2903 pos·
1214 2836 1244 2880 co

191 2908 268 2970 sunt
296 2926 382 3077 esse),
412 2927 485 2971 eum
513 2907 570 2970 aut
572 2927 622 2970 em
649 2905 674 2970 ii
701 2905 958 2972 famulantur..
981 2907 1201 2991 ..(Nom'us

138 3043 221 3123 26·
258 3080 296 3146 Se
323 3082 441 3159 seueris,
468 3080 570 3162 iuquit
591 3080 775 3160 Carneades,
804 3084 942 3166 aspidem
968 3085 1079 3148 occulte
1107 3084 1201 3149 lutere

138 3134 363 3269 88uspiamet
349 3130 452 3234 tuelle
467 3170 602 3251 almuem
619 3172 840 3254 imprudentem
857 3191 949 3324 super
966 3192 1035 3236 eum
1057 3173 1201 3257 assidere,

191 3257 280 3321 eteius
301 3258 463 3322 morstte'be'
484 3258 718 3324 emolumentum
734 3260 845 3339 fumo
861 3260 911 3337 su,
933 3259 1068 3340 improbe
1083 3261 1247 3341 fecerimus

191 3344 255 3407 m'si
280 3349 449 3422 mouereris,
479 3365 518 3409 ue
544 3366 606 3412 usse
603 3349 673 3424 'tde‚
650 3348 759 3412 tsed
784 3348 934 3429 immme'te
961 3352 1079 3425 tamem·
1110 3350 1202 3415 scisse

191 3431 273 3494 euim
296 3437 323 3496 te
344 3433 414 3513 quis
435 3453 596 3516 eourpuere
612 3435 734 3518 possit?
771 3435 833 3500 See
853 3436 948 3501 mimis
970 3435 1077 3503 mrettu.
1122 3436 1202 3504 Per·
