2610 3894
195 172 260 238 146
537 167 849 224 uanwmnrrouu

193 319 304 383 decem
333 315 528 400 interpretes
557 313 698 379 delectos
726 334 745 378 e
771 313 905 379 civitate
929 334 999 378 esse
1020 312 1204 378 voluerunt.
1297 309 1298 392 l

91 399 94 408 ’
192 406 244 471 Ex
269 425 333 490 quo
357 423 474 489 genere
498 423 594 487 saepe
617 401 820 466 hariolorum
843 402 943 466 etiam
966 404 999 465 et
1020 405 1135 467 vatum
1156 401 1204 466 fu·
1297 397 1298 442 ³

193 492 348 560 ribundas
381 490 633 577 praedictiones,
665 493 702 556 ut
733 488 912 555 Octaviano
944 488 1032 554 bello
1060 487 1205 555 Cornelii

193 580 343 665 Culleoli,
366 578 539 648 audiendas
563 581 770 664 putaverunt.
803 575 872 643 Nec
890 599 967 643 vero
987 578 1113 643 somnia
1132 599 1204 664 gra

192 671 298 754 viora,
326 668 355 734 si
382 689 465 753 quac
493 668 536 732 ad
559 666 816 752 rempublicam
838 666 1001 751 pertinere
1023 666 1096 731 visa
1118 669 1230 750 sunt,s

194 778 363 824 asummo
387 755 523 823 consilio
549 777 590 820 ne
615 755 701 820 lecta
723 758 808 820 sunt.
854 752 1062 830 Quinetiam
1085 776 1205 820 memo·
1298 771 1299 774 ’

193 847 244 912 ria
269 849 384 912 nostra
410 844 571 929 templum
592 777 731 908 iunonis
758 840 909 928 Sospitae
938 841 974 907 L.
1000 841 1119 927 Iulius,
1148 843 1205 927 qui
1298 845 1299 930 J

193 957 268 1001 cum
280 933 316 998 P.
329 933 454 998 Rutilio
478 932 591 998 consul
608 931 680 1015 fuit,
703 930 742 996 de
761 935 892 996 senatus
911 931 1074 996 sententia
1090 930 1205 997 refecit

194 1044 234 1087 ex
256 1021 423 1105 Caeciliae,
445 1019 601 1086 Baliarici
622 1020 718 1103 filiae,
741 1019 877 1084 somnio.

260 1109 369 1195 Atque
392 1110 481 1193 haec,
503 1112 540 1174 ut
563 1129 624 1196 ego
648 1107 798 1193 arbitror,
821 1111 946 1172 veteres
970 1129 1079 1173 rerum
1097 1107 1203 1194 magis
1219 1127 1245 1168 ro

194 1198 319 1265 eventis
342 1198 459 1263 moniti
483 1219 581 1281 quam
602 1197 730 1262 ratione
753 1195 841 1262 docti
863 1197 1093 1280 probaverunt.
1129 1195 1204 1260 Phi-

193 1286 406 1372 losophorum
432 1307 510 1351 vero
538 1285 700 1369 exquisita
727 1283 885 1369 quaedam
913 1288 1119 1371 argumenta,
1147 1307 1205 1350 cur
1299 1281 1300 1356 ῗ

194 1378 281 1440 essct
307 1396 385 1439 vcra
414 1373 584 1458 divinatio,
612 1374 750 1439 collecta
776 1375 866 1458 sunt3
898 1395 915 1437 e
944 1373 1074 1458 quibus,
1104 1377 1142 1438 ut
1164 1373 1205 1438 de

194 1462 440 1548 antiquissumis
468 1463 597 1547 loquar,
625 1460 848 1546 Colophonius
870 1459 1087 1546 Xenophanes
1111 1483 1204 1545 unus,

194 1552 250 1637 qui
276 1552 353 1616 deos
376 1572 447 1615 esse
470 1550 603 1634 diceret,
630 1549 863 1614 divinationem
884 1548 1031 1614 funditus
1054 1549 1244 1632 sustulit31e

104 1675 108 1683 ·
193 1639 311 1724 reliqui
345 1659 422 1704 vero
457 1659 568 1703 omnes
598 1641 729 1722 praeter
758 1636 936 1722 Epicurum
965 1637 1205 1703 balbutientem
1300 1633 1301 1652 ³

194 1727 233 1792 de
255 1731 374 1793 natura
396 1727 529 1792 deorum
552 1725 784 1791 divinationem
806 1725 1041 1811 probaverumt,
1064 1727 1206 1791 sednon

193 1836 258 1880 uno
288 1814 393 1881 modo.
442 1814 530 1880 Nam
559 1836 632 1880 curu
662 1811 811 1880 Socrates
842 1835 1018 1899 omnesque
1047 1811 1205 1880 Socratici

193 1903 343 1988 Zenoque
366 1906 400 1968 et
422 1903 456 1987 ii,
479 1903 535 1987 qui
557 1903 598 1968 ab
623 1924 660 1968 eo
685 1907 793 1968 essent
810 1902 958 1988 profecti,
981 1907 1151 1968 manerent
1169 1903 1205 1966 in

194 1991 403 2076 antiquorum
424 1990 696 2077 philosophorum
720 1991 881 2056 sententia
903 1994 1012 2056 vetere
1026 1991 1204 2057 Academia
1218 2009 1246 2048 so
1301 2021 1302 2066 r

194 2083 228 2145 ct
248 2078 477 2165 Peripateticis
500 2079 786 2164 consentientibus,
810 2101 946 2165 cumque
968 2078 1044 2144 huic
1066 2080 1114 2144 rei
1136 2102 1205 2145 ma·

195 2189 294 2254 gnam
313 2167 556 2238 ,auctoritatem
584 2166 791 2253 Pythagoras
821 2168 888 2232 iam
917 2171 993 2232 ante
1022 2167 1205 2252 tribuisset,

195 2257 251 2342 qui
278 2256 379 2321 etiam
405 2255 476 2340 ipse
504 2276 608 2341 augur
635 2256 736 2321 vellet
764 2277 848 2339 esse,
874 2251 1098 2341 plurumisque
1122 2257 1205 2322 locis

195 2344 305 2431 gravis
336 2347 449 2409 auctor
470 2342 677 2409 Democritus
703 2345 965 2429 praesensionem
987 2366 1095 2410 rerum
1116 2345 1205 2410 futu·
1301 2353 1302 2364 ³

94 2513 95 2518 ἵ
194 2455 305 2498 rarum
332 2432 561 2517 conprobaret,
590 2431 807 2498 Dicaearchus
829 2431 1065 2518 Peripateticus
1095 2437 1206 2500 cetera
1220 2448 1247 2489 2⁵

195 2520 404 2587 divinationis
427 2541 547 2607 genera
569 2521 711 2603 sustulit,
734 2520 934 2586 somniorum
957 2524 991 2585 et
1011 2521 1133 2586 furoris
1155 2544 1206 2588 re·

193 2610 300 2695 liquit,
323 2608 576 2694 Cratippusque,
597 2607 769 2673 familiaris
793 2613 919 2693 noster,
942 2631 1038 2694 quem
1062 2630 1123 2696 ego
1146 2633 1205 2695 pa-

194 2720 264 2763 rem
294 2697 428 2763 summis
451 2693 677 2782 Peripateticis
706 2697 825 2781 iudico,
855 2697 958 2762 isdem
985 2698 1082 2763 rebus
1104 2698 1205 2764 fidem

159 2787 324 2872 otribuit,
351 2785 477 2870 reliqua
505 2783 713 2850 divinationis
737 2806 856 2871 genera
878 2786 997 2852 reiecit.
1043 2783 1106 2851 Sed
1129 2809 1205 2853 cum
1294 2811 1297 2817 ·

195 2873 298 2940 Stoici
327 2874 437 2940 omnia
464 2872 533 2938 fere
558 2873 619 2938 illa
644 2872 864 2958 defenderent,
893 2875 980 2958 quod
1002 2877 1036 2939 et
1058 2874 1146 2941 Zeno
1168 2877 1206 2941 in
1219 2892 1247 2934 ⁸⁰

195 2963 262 3027 suis
286 2961 526 3028 commentariis
546 2961 640 3047 quasi
657 2962 781 3026 semina
799 2961 957 3046 quaedam
975 2963 1152 3048 sparsisset
1170 2969 1206 3029 et

195 3071 234 3114 ea
247 3048 422 3116 Cleanthes
441 3050 540 3135 paulo
558 3050 710 3115 uberiora
727 3049 866 3133 fecisset,
885 3051 1021 3117 accessit
1035 3074 1205 3118 acerrumo

193 3137 245 3203 vir
262 3138 403 3224 ingenio,
422 3137 632 3224 Chrysippus,
655 3137 711 3223 qui
728 3142 835 3204 totam
853 3139 892 3204 de
911 3139 1109 3206 divinatione
1128 3140 1206 3207 duo·

194 3226 256 3291 bus
274 3226 369 3291 libris
388 3227 562 3312 explicavit
580 3225 785 3308 sententiam,
807 3249 871 3293 uno
890 3231 1059 3313 praeterea
1074 3229 1114 3293 dc
1134 3251 1206 3294 ora-

195 3313 268 3396 clis,
296 3335 360 3379 uno
383 3315 423 3379 de
446 3315 595 3400 somniis3
618 3337 714 3399 quem
737 3316 935 3400 subsequens
959 3338 1059 3382 unum
1081 3317 1205 3382 librum
1219 3334 1247 3375 ³⁵

194 3400 395 3486 Babylonius
418 3401 582 3489 Diogenes
610 3402 723 3488 edidit,
755 3403 823 3470 sius
852 3404 993 3489 auditor,
1023 3405 1086 3470 duo
1108 3404 1206 3472 Anti·

194 3493 304 3577 pater,
332 3490 472 3574 quinque
498 3495 611 3557 noster
632 3490 834 3558 Posidonius.
880 3489 943 3557 Sed
965 3515 986 3558 a
1008 3490 1126 3559 Stoicis
1149 3495 1205 3560 vel
