2610 3894
302 155 371 212 ΜΒ.
390 155 424 212 11.
445 155 521 213 cna.
541 162 585 224 4e,
603 162 645 213 44.
665 162 681 223 e
701 162 849 213 111-114.
1045 153 1089 219 87

61 289 151 366 ilinc
176 303 290 365 autem
314 300 480 385 aspicitur,
1090 309 1143 360 113

107 405 165 470 Ut
189 427 274 472 sese
298 407 509 472 ostendens
533 407 699 492 emergit
722 404 907 491 Scorpios
931 405 1012 470 alte

107 493 342 561 Posteriora
356 493 931 580 trahensplexumvicorporis
946 515 1089 576 arcum,

110 580 233 657 Quem
251 587 415 668 propter
430 583 561 647 nitens
575 583 707 668 pinnis
722 582 972 650 convolvitur
986 580 1089 645 Ales.

31 685 48 727 ⁵
110 670 167 734 At
199 675 362 757 propter
394 693 433 736 se
456 670 601 756 Aquila
630 671 785 738 ardenti
814 692 897 736 cum
926 690 1089 754 corpore

854 761 1000 843 portat.

63 864 197 930 Deinde
220 864 414 950 Delphinus,

111 970 263 1036 Exinde
286 970 407 1036 Orion
430 969 593 1054 obliquo
616 991 779 1055 corpore
801 969 943 1036 nitens.

64 1091 175 1168 Quem
200 1094 401 1178 subsequens
1092 1103 1145 1152 114

113 1215 306 1283 Fervidus
333 1217 404 1281 ille
428 1214 545 1283 (lanis
571 1217 778 1282 stellarum
800 1218 885 1283 luce
908 1217 1091 1304 refulget.

28 1359 51 1398 40
65 1339 155 1405 Post
177 1339 286 1426 Lepus
311 1340 522 1426 subsequitur

114 1445 363 1513 (turriculum
376 1469 584 1531 numquam
599 1444 752 1512 defesse
767 1469 928 1532 corpore
943 1448 1091 1512 sedans.
1138 1427 1139 1432 ἵ

114 1535 170 1600 At
208 1533 333 1600 Oanis
376 1535 424 1600 ad
466 1535 622 1601 caudam
665 1557 825 1620 serpens
865 1535 1093 1620 prolabitur

115 1710 225 1777 Hanc
239 1711 354 1777 Aries
373 1711 476 1798 tegit
498 1715 536 1776 et
555 1732 762 1796 squamoso
782 1623 1091 1797 cliiiieli‘sees

115 1799 309 1865 Fluminis
341 1800 505 1865 inlustri
533 1803 756 1885 tangentem
785 1821 948 1886 corpore
975 1800 1092 1885 ripas.

27 1942 53 1982 rs
70 1923 177 2001 Quem
200 1922 300 2010 longe
324 1927 509 2008 serpentem
532 1926 566 1987 et
589 1927 777 1988 manantem
801 1923 939 2009 aspicies

496 2067 737 2131 proceraque
759 2043 1091 2133 Vinclauidebis,

116 2134 221 2212 Quae
251 2133 426 2198 retinent
447 2132 579 2200 Pisces
611 2133 817 2199 caudarum
848 2157 868 2199 a
894 2140 1006 2221 perte
1034 2136 1092 2202 lo-

114 2310 208 2376 Inde
226 2309 358 2396 Nepae
381 2331 514 2376 cernes
538 2313 702 2395 propter
719 2227 919 2395 fulgceirltis
934 2274 1092 2378 acumen

115 2399 248 2484 Aram,
271 2420 384 2484 quam
406 2398 511 2465 fletu
532 2398 751 2484 permulcet
769 2399 935 2485 spiritus
955 2400 1091 2465 austri.

31 2543 57 2583 2⁰
71 2523 278 2608 Propterque
302 2520 484 2587 Centaurus

115 2627 230 2695 Oedit
274 2626 374 2712 Equi
418 2627 546 2712 partis
591 2650 808 2714 properans
855 2629 1092 2782 zulpipngere

918 2738 1001 2782 e1s.

115 2803 188 2870 Hic
216 2803 391 2869 dextram
418 2825 601 2890 porgens,
629 2804 849 2890 quadrupes
878 2827 952 2889 qua
978 2805 1093 2871 vasta

116 2979 259 3046 'l'endit
301 2982 339 3046 et
373 2980 584 3045 inlustrem
620 2896 1009 3047 truculentlinlillt
1045 2981 1093 3046 ad

115 3155 190 3222 Hic
213 3177 298 3222 sese
320 3155 489 3222 infernis
514 3178 532 3222 e
554 3158 736 3243 partibus
760 3068 1050 3244 erigitlllayndia,

33 3298 57 3340 ²⁵
71 3282 163 3348 cuius
188 3281 287 3367 longe
310 3302 427 3366 corpus
452 3284 502 3345 est
524 3279 643 3365 fusum,

116 3386 163 3452 In
184 3386 387 3470 medioque
410 3386 497 3451 sinu
518 3386 677 3472 fulgens
700 3384 864 3453 Cratera
886 3387 1047 3453 relucet.

117 3474 339 3541 Extremam
361 3474 492 3540 nitens
515 3475 691 3560 plumato
715 3497 877 3561 corpore
901 3475 1051 3543 Coruus
