2528 3880
187 115 254 181 336
559 117 608 171 DE
626 117 675 172 RE
693 117 850 174 PUBLICA

156 308 158 316 .
188 266 310 326 tautum
331 263 496 328 mmmodus
517 264 637 328 studere
658 265 810 329 dixerunt.
847 263 912 330 Nee
932 264 1087 328 inumerito
1105 264 1202 328 extitit

185 347 371 429 Carneades,
392 351 481 416 aaa
503 371 623 416 summo
644 353 767 435 tuyeaio
789 357 820 417 et
839 353 990 432 animine,
1012 353 1068 434 qui
1088 352 1201 432 refelle

187 444 235 503 ret
259 440 391 510 amnem
417 441 587 504 mationem
614 445 644 504 et
663 442 830 519 iustitiam,
859 461 938 522 quae
964 441 1202 520 fundamentum

186 526 295 592 stabile
326 548 390 592 nou
421 527 561 611 habebut,
593 534 745 611 cumaei,
775 549 839 592 aaa
865 529 942 610 quia
967 530 1202 610 vituperandam

186 635 248 692 esse
270 617 424 680 iustitiam
445 617 599 700 sentiebat,
621 618 676 681 sed
695 622 732 680 at
748 617 818 681 illos
835 618 1006 697 defensores
1023 618 1091 682 eius
1108 622 1225 682 osten-⁵

184 705 270 767 deret
288 704 370 768 uitii
391 705 473 783 certi,
494 705 577 769 atta
597 706 684 786 firmi
705 706 742 770 de
763 707 885 770 institia
906 707 1074 787 dispaara
1110 704 1202 788 (Lue-

187 793 306 856 tautias
327 795 448 874 epitom
470 795 519 858 55.
542 795 653 875 5-8.)

194 907 196 912 ·
254 881 302 945 Μ.
337 882 460 946 Tattius
490 882 527 944 de
557 902 591 946 re
616 882 745 963 publiea
776 882 828 948 lib.
858 881 917 946 II:
948 879 1085 946 Iustitia
1115 881 1202 946 foras

186 972 316 1052 spectat
345 973 379 1033 et
408 968 555 1054 proiecta
581 973 655 1033 tota
682 973 733 1034 est
760 974 858 1054 atque
886 969 1016 1033 eminet.
1063 970 1203 1051 (Nouius

210 1063 312 1122 .373.
336 1057 404 1140 25.)
1214 1076 1235 1115 ιο

183 1078 208 1141 P
254 1151 300 1208 M.
325 1146 448 1210 Tullius
469 1147 507 1210 de
527 1166 561 1210 re
578 1147 663 1226 publ.
688 1146 738 1210 lib.
756 1145 815 1210 II:
839 1144 927 1220 Quae
946 1145 1053 1208 virtus
1072 1149 1203 1230 praeter

188 1237 312 1297 ceteras
340 1237 447 1298 totam
477 1255 511 1298 se
543 1234 583 1298 ad
612 1234 735 1298 alienas
762 1233 903 1319 porrigit
925 1233 1082 1297 utilitatis
1107 1237 1203 1318 atque

188 1322 337 1405 explieat.
372 1321 514 1404 (Nouius
533 1343 565 1403 p.
587 1327 661 1388 299.
683 1323 750 1398 30.)
829 1319 833 1327 ’

137 1393 169 1518 l}
187 1437 214 1489 p.
234 1411 300 1490 205]
376 1413 492 1475 ....et
514 1410 672 1495 reperiret
694 1413 728 1474 et
749 1413 904 1494 tueretur,
928 1410 1013 1474 alter
1032 1414 1146 1475 autem
1165 1412 1202 1476 de

187 1498 260 1582 ipsa
273 1497 401 1562 iustitia
415 1502 572 1583 quattuor
585 1498 735 1582 implevit
749 1521 826 1563 sane
839 1498 972 1583 granffls
982 1498 1096 1564 libros,
1116 1499 1203 1564 Nam
1215 1517 1236 1557 1⁵

188 1588 230 1650 ab
246 1585 428 1671 Chrysippo
446 1587 530 1651 nihil
546 1608 703 1672 maguum
716 1608 776 1651 neo
790 1587 998 1671 magnifieum
1014 1587 1204 1671 desideravi,

189 1674 244 1759 qui
272 1696 331 1739 suo
360 1675 501 1759 quodam
527 1697 618 1740 more
640 1675 800 1758 loquitur,
827 1675 1002 1740 utomnia
1028 1677 1204 1741 verborum

188 1762 376 1845 momentis,
404 1785 470 1828 non
497 1786 606 1828 rerum
628 1763 825 1848 ponderibus
848 1763 1019 1828 examinet.
1065 1763 1204 1830 illorum

187 1851 251 1915 fuit
274 1851 411 1916 heroum
434 1873 506 1916 eam
525 1852 689 1934 virtutem,
713 1872 796 1935 quae
815 1855 865 1915 est
882 1873 956 1935 una,
979 1851 1009 1916 si
1026 1853 1126 1918 modo
1147 1858 1205 1938 est,

189 1940 328 2004 maxime
357 1939 510 2005 munifica
537 1944 570 2004 et
598 1940 757 2023 liberalis,
791 1943 824 2004 et
851 1961 933 2023 quae
962 1940 1069 2004 omnis
1096 1943 1203 2027 magis
1216 1960 1238 1998 u

188 2057 215 2107 p.
236 2029 302 2108 206]
332 2049 429 2111 quam
458 2049 551 2113 sepse
578 2027 701 2113 diligit,
731 2027 805 2092 aliis
832 2031 912 2092 nata
938 2028 1049 2113 potius
1074 2027 1080 2112 Ι
1105 2052 1204 2114 quam

189 2117 261 2200 sibi,
280 2117 421 2180 excitare
438 2116 599 2181 iacentem
618 2120 650 2180 et
672 2117 708 2180 in
725 2116 785 2181 illo
802 2115 911 2181 divino
927 2115 1009 2180 solio
1024 2138 1093 2182 non
1106 2117 1204 2204 longe

138 2221 171 2268 rs
190 2228 211 2270 a
243 2205 405 2290 sapientia
438 2205 615 2269 oonlooare.
659 2203 729 2268 Neo
760 2226 838 2269 vero
866 2201 934 2268 illis
965 2208 1023 2268 aut
1050 2206 1204 2272 voluntas

189 2293 292 2358 defuit
320 2291 417 2378 (quae
446 2293 532 2357 enim
557 2293 599 2357 iis
629 2293 791 2357 scribendi
818 2293 885 2357 alia
914 2315 1012 2358 eausa
1036 2298 1094 2358 aut
1119 2294 1204 2379 quod

189 2381 320 2447 omnino
349 2381 521 2446 eonsilium
547 2380 647 2464 fuito)
676 2385 733 2444 aut
755 2381 935 2467 ingenium,
960 2403 1024 2465 quo
1049 2384 1202 2448 omnibus
1215 2399 1236 2439 u

188 2470 436 2554 praestiterunt3
473 2469 530 2534 sed
562 2491 673 2533 eorum
706 2473 739 2533 et
771 2470 975 2534 voluntatem
1008 2474 1042 2534 et
1075 2472 1203 2557 copiam

189 2580 286 2624 eausa
313 2557 400 2622 vicit.
445 2556 501 2622 Ius
529 2557 628 2640 enim,
657 2557 782 2641 dequo
807 2558 1005 2642 quaerimus,
1034 2558 1132 2624 civile
1155 2564 1204 2624 est

189 2646 335 2731 aliquod,
369 2646 520 2710 naturale
555 2646 696 2729 nullum3
731 2667 808 2709 nam
840 2646 869 2710 si
896 2649 995 2728 esset,
1029 2651 1067 2710 ut
1100 2649 1204 2712 aalide
1253 2667 1254 2746 q

189 2739 222 2800 et
253 2735 388 2820 frigida,
418 2737 456 2798 ut
488 2756 600 2798 amara
627 2738 660 2798 et
688 2734 807 2817 dulcia,
839 2734 886 2798 sie
913 2737 1023 2798 essent
1052 2735 1145 2802 iusta
1172 2741 1204 2801 et
1253 2747 1254 2816 l

188 2852 216 2903 p.
237 2825 284 2904 17]
308 2820 439 2908 iuliusta
462 2823 574 2886 eadem
598 2822 757 2886 omnibus.
1214 2827 1254 2894 ul

149 2896 168 2952 9
255 2909 350 2975 Nune
383 2914 505 2993 autem,
538 2911 567 2974 si
597 2911 669 2995 quis
697 2910 762 2975 illo·
783 2909 968 2975 Pacuviano
998 2907 1203 2978 ‘invehens

136 2969 170 3020 14
188 2997 328 3066 alitum
351 2998 533 3084 anguium
556 2997 684 3064 ourru'
708 2999 829 3062 multas
853 3001 887 3062 et
909 2997 1017 3062 varias
1042 3001 1155 3082 gentis
1173 3004 1205 3065 et
1253 3007 1254 3052 l

187 3087 284 3152 urbes
317 3087 481 3171 despicere
514 3090 547 3150 et
578 3087 681 3151 oeulis
711 3087 912 3151 conlustrare
940 3085 1062 3171 possit,
1095 3089 1206 3154 videat

187 3175 329 3261 primum
347 3175 382 3238 in
399 3175 458 3240 illa
476 3174 665 3260 incorrupta
683 3174 822 3239 maxime
841 3178 938 3259 gente
952 3173 1205 3261 Aegyptiorum,
1253 3191 1254 3222 ³

188 3285 270 3348 quae
291 3262 507 3348 plurimorum
526 3263 728 3327 saeculorum
748 3266 781 3326 et
800 3266 990 3328 eventorum
1009 3266 1207 3330 memoriam
1219 3281 1241 3321 ³⁵

187 3350 308 3416 litteris
331 3350 490 3435 eontinet,
511 3351 631 3416 ¹bovem
655 3350 815 3434 quendam
837 3349 949 3435 putari
971 3349 1083 3434 deum,
1110 3375 1206 3438 quem

184 3438 287 3524 Apim
300 3437 457 3524 Aegyptii
474 3439 654 3521 nominant,
672 3439 840 3522 multaque
859 3438 925 3503 alia
942 3441 1101 3523 portenta
1120 3441 1207 3528 apud
