<?xml version="1.0" encoding="UTF-8"?>
<!DOCTYPE html PUBLIC "-//W3C//DTD XHTML 1.0 Transitional//EN"
    "http://www.w3.org/TR/xhtml1/DTD/xhtml1-transitional.dtd">
<html xmlns="http://www.w3.org/1999/xhtml" xml:lang="en" lang="en">
 <head>
  <title>
</title>
<meta http-equiv="Content-Type" content="text/html;charset=utf-8" />
  <meta name='ocr-system' content='tesseract 3.04.00' />
  <meta name='ocr-capabilities' content='ocr_page ocr_carea ocr_par ocr_line ocrx_word'/>
</head>
<body>
  <div class='ocr_page' id='page_1' title='image "./scriptaquaemans02mullgoog_0419.png"; bbox 0 0 2578 3874; ppageno 0'>
   <div class='ocr_carea' id='block_1_1' title="bbox 100 175 835 250">
    <p class='ocr_par' dir='ltr' id='par_1_1' title="bbox 100 175 835 250">
     <span class='ocr_line' id='line_1_1' title="bbox 100 175 835 250; baseline -0.015 -9"><span class='ocrx_word' id='word_1_1' title='bbox 100 242 104 250; x_wconf 83' lang='grc'><em>,</em></span> <span class='ocrx_word' id='word_1_2' title='bbox 186 175 252 240; x_wconf 76' lang='grc'><strong>362</strong></span> <span class='ocrx_word' id='word_1_3' title='bbox 547 177 597 231; x_wconf 82' lang='lat' dir='ltr'><strong>DE</strong></span> <span class='ocrx_word' id='word_1_4' title='bbox 615 177 664 232; x_wconf 79' lang='lat' dir='ltr'><strong>RE</strong></span> <span class='ocrx_word' id='word_1_5' title='bbox 682 177 835 232; x_wconf 68' lang='lat' dir='ltr'><strong>Pentros</strong></span> 
     </span>
    </p>
   </div>
   <div class='ocr_carea' id='block_1_2' title="bbox 122 319 1280 3580">
    <p class='ocr_par' dir='ltr' id='par_1_2' title="bbox 122 319 1280 3580">
     <span class='ocr_line' id='line_1_2' title="bbox 185 319 1203 408; baseline 0.002 -24"><span class='ocrx_word' id='word_1_6' title='bbox 185 319 307 405; x_wconf 85' lang='lat' dir='ltr'><strong>privati</strong></span> <span class='ocrx_word' id='word_1_7' title='bbox 333 324 444 406; x_wconf 86' lang='lat' dir='ltr'><strong>petere</strong></span> <span class='ocrx_word' id='word_1_8' title='bbox 472 320 623 386; x_wconf 88' lang='lat' dir='ltr'><strong>solebant</strong></span> <span class='ocrx_word' id='word_1_9' title='bbox 651 345 671 388; x_wconf 86' lang='lat' dir='ltr'><strong>a</strong></span> <span class='ocrx_word' id='word_1_10' title='bbox 697 323 843 408; x_wconf 87' lang='lat' dir='ltr'><strong>regibus,</strong></span> <span class='ocrx_word' id='word_1_11' title='bbox 874 323 916 387; x_wconf 94' lang='lat' dir='ltr'><strong>ob</strong></span> <span class='ocrx_word' id='word_1_12' title='bbox 940 343 1059 406; x_wconf 88' lang='lat' dir='ltr'><strong>easque</strong></span> <span class='ocrx_word' id='word_1_13' title='bbox 1081 343 1203 387; x_wconf 81' lang='lat' dir='ltr'><strong>causas</strong></span> 
     </span>
     <span class='ocr_line' id='line_1_3' title="bbox 186 409 1204 495; baseline 0.002 -23"><span class='ocrx_word' id='word_1_14' title='bbox 186 409 260 493; x_wconf 90' lang='lat' dir='ltr'><strong>agri</strong></span> <span class='ocrx_word' id='word_1_15' title='bbox 287 410 358 474; x_wconf 89' lang='lat' dir='ltr'><strong>arvi</strong></span> <span class='ocrx_word' id='word_1_16' title='bbox 385 413 419 474; x_wconf 99' lang='grc' dir='ltr'><strong>εὴ</strong></span> <span class='ocrx_word' id='word_1_17' title='bbox 447 410 574 474; x_wconf 79' lang='lat' dir='ltr'><strong>arbusti</strong></span> <span class='ocrx_word' id='word_1_18' title='bbox 601 414 635 475; x_wconf 90' lang='lat' dir='ltr'><strong>et</strong></span> <span class='ocrx_word' id='word_1_19' title='bbox 661 411 774 495; x_wconf 90' lang='lat' dir='ltr'><strong>pascui</strong></span> <span class='ocrx_word' id='word_1_20' title='bbox 801 411 869 475; x_wconf 58' lang='lat' dir='ltr'><strong>lati.</strong></span> <span class='ocrx_word' id='word_1_21' title='bbox 886 415 984 495; x_wconf 86' lang='lat' dir='ltr'><strong>atque</strong></span> <span class='ocrx_word' id='word_1_22' title='bbox 1006 411 1125 475; x_wconf 85' lang='lat' dir='ltr'>uberes</span> <span class='ocrx_word' id='word_1_23' title='bbox 1148 410 1204 474; x_wconf 80' lang='lat' dir='ltr'><strong>de</strong></span> 
     </span>
     <span class='ocr_line' id='line_1_4' title="bbox 184 497 1203 584; baseline 0.001 -24"><span class='ocrx_word' id='word_1_24' title='bbox 184 497 396 581; x_wconf 84' lang='lat' dir='ltr'><strong>finiebantur,</strong></span> <span class='ocrx_word' id='word_1_25' title='bbox 424 498 480 582; x_wconf 91' lang='lat' dir='ltr'><strong>qui</strong></span> <span class='ocrx_word' id='word_1_26' title='bbox 507 501 616 562; x_wconf 89' lang='lat' dir='ltr'><strong>essent</strong></span> <span class='ocrx_word' id='word_1_27' title='bbox 642 499 725 584; x_wconf 89' lang='lat' dir='ltr'><strong>regii</strong></span> <span class='ocrx_word' id='word_1_28' title='bbox 753 499 835 583; x_wconf 90' lang='lat' dir='ltr'><strong>[qui]</strong></span> <span class='ocrx_word' id='word_1_29' title='bbox 860 499 1105 582; x_wconf 73' lang='lat' dir='ltr'><strong>colerenturque</strong></span> <span class='ocrx_word' id='word_1_30' title='bbox 1129 498 1203 563; x_wconf 89' lang='lat' dir='ltr'><strong>sine</strong></span> 
     </span>
     <span class='ocr_line' id='line_1_5' title="bbox 186 587 1203 673; baseline 0.001 -24"><span class='ocrx_word' id='word_1_31' title='bbox 186 607 302 670; x_wconf 89' lang='lat' dir='ltr'><strong>regum</strong></span> <span class='ocrx_word' id='word_1_32' title='bbox 329 607 428 670; x_wconf 88' lang='lat' dir='ltr'><strong>opera</strong></span> <span class='ocrx_word' id='word_1_33' title='bbox 456 590 489 650; x_wconf 88' lang='lat' dir='ltr'><strong>et</strong></span> <span class='ocrx_word' id='word_1_34' title='bbox 516 587 642 671; x_wconf 86' lang='lat' dir='ltr'><strong>labore,</strong></span> <span class='ocrx_word' id='word_1_35' title='bbox 669 592 707 651; x_wconf 86' lang='lat' dir='ltr'><strong>ut</strong></span> <span class='ocrx_word' id='word_1_36' title='bbox 734 608 789 652; x_wconf 89' lang='lat' dir='ltr'><strong>eos</strong></span> <span class='ocrx_word' id='word_1_37' title='bbox 813 587 906 652; x_wconf 86' lang='lat' dir='ltr'><strong>nulls</strong></span> <span class='ocrx_word' id='word_1_38' title='bbox 927 587 1050 672; x_wconf 84' lang='lat' dir='ltr'><strong>privati</strong></span> <span class='ocrx_word' id='word_1_39' title='bbox 1071 587 1203 673; x_wconf 84' lang='lat' dir='ltr'><strong>negotii</strong></span> 
     </span>
     <span class='ocr_line' id='line_1_6' title="bbox 122 673 1230 758; baseline -0.002 -20"><span class='ocrx_word' id='word_1_40' title='bbox 122 705 124 710; x_wconf 96' lang='lat'>·</span> <span class='ocrx_word' id='word_1_41' title='bbox 185 696 264 739; x_wconf 87' lang='lat' dir='ltr'><strong>cura</strong></span> <span class='ocrx_word' id='word_1_42' title='bbox 291 696 312 738; x_wconf 88' lang='lat' dir='ltr'><strong>a</strong></span> <span class='ocrx_word' id='word_1_43' title='bbox 336 674 532 758; x_wconf 87' lang='lat' dir='ltr'><strong>populorum</strong></span> <span class='ocrx_word' id='word_1_44' title='bbox 560 676 657 740; x_wconf 88' lang='lat' dir='ltr'><strong>rebus</strong></span> <span class='ocrx_word' id='word_1_45' title='bbox 685 675 866 740; x_wconf 81' lang='lat' dir='ltr'><strong>abduceret</strong></span> <span class='ocrx_word' id='word_1_46' title='bbox 909 673 979 741; x_wconf 90' lang='lat' dir='ltr'><strong>Nec</strong></span> <span class='ocrx_word' id='word_1_47' title='bbox 1005 696 1084 741; x_wconf 83' lang='lat' dir='ltr'><strong>vero</strong></span> <span class='ocrx_word' id='word_1_48' title='bbox 1113 675 1230 758; x_wconf 77' lang='lat' dir='ltr'><strong>quis-s</strong></span> 
     </span>
     <span class='ocr_line' id='line_1_7' title="bbox 186 762 1202 848; baseline 0.001 -22"><span class='ocrx_word' id='word_1_49' title='bbox 186 784 285 846; x_wconf 86' lang='lat' dir='ltr'><strong>quam</strong></span> <span class='ocrx_word' id='word_1_50' title='bbox 312 762 461 847; x_wconf 85' lang='lat' dir='ltr'><strong>privatus</strong></span> <span class='ocrx_word' id='word_1_51' title='bbox 488 766 560 827; x_wconf 87' lang='lat' dir='ltr'><strong>erat</strong></span> <span class='ocrx_word' id='word_1_52' title='bbox 583 763 790 848; x_wconf 86' lang='lat' dir='ltr'><strong>disceptator</strong></span> <span class='ocrx_word' id='word_1_53' title='bbox 805 766 862 829; x_wconf 90' lang='lat' dir='ltr'><strong>aut</strong></span> <span class='ocrx_word' id='word_1_54' title='bbox 885 763 1009 830; x_wconf 86' lang='lat' dir='ltr'><strong>arbiter</strong></span> <span class='ocrx_word' id='word_1_55' title='bbox 1030 763 1113 847; x_wconf 87' lang='lat' dir='ltr'><strong>litis,</strong></span> <span class='ocrx_word' id='word_1_56' title='bbox 1141 763 1202 827; x_wconf 92' lang='lat' dir='ltr'><strong>sed</strong></span> 
     </span>
     <span class='ocr_line' id='line_1_8' title="bbox 185 848 1202 938; baseline 0.002 -24"><span class='ocrx_word' id='word_1_57' title='bbox 185 878 214 929; x_wconf 88' lang='lat' dir='ltr'><strong>p.</strong></span> <span class='ocrx_word' id='word_1_58' title='bbox 233 852 299 932; x_wconf 78' lang='lat'>248]</span> <span class='ocrx_word' id='word_1_59' title='bbox 323 850 433 915; x_wconf 90' lang='lat' dir='ltr'><strong>omnia</strong></span> <span class='ocrx_word' id='word_1_60' title='bbox 459 848 722 938; x_wconf 69' lang='lat' dir='ltr'><strong>oonlficiebantur</strong></span> <span class='ocrx_word' id='word_1_61' title='bbox 748 851 874 916; x_wconf 86' lang='lat' dir='ltr'><strong>iudiciis</strong></span> <span class='ocrx_word' id='word_1_62' title='bbox 897 852 1007 938; x_wconf 85' lang='lat' dir='ltr'><strong>regiis.</strong></span> <span class='ocrx_word' id='word_1_63' title='bbox 1051 850 1101 916; x_wconf 75' lang='lat' dir='ltr'><strong>Es</strong></span> <span class='ocrx_word' id='word_1_64' title='bbox 1115 851 1202 916; x_wconf 85' lang='lat' dir='ltr'><strong>mihi</strong></span> 
     </span>
     <span class='ocr_line' id='line_1_9' title="bbox 185 937 1201 1022; baseline 0.002 -20"><span class='ocrx_word' id='word_1_65' title='bbox 185 939 315 1022; x_wconf 89' lang='lat' dir='ltr'><strong>quidem</strong></span> <span class='ocrx_word' id='word_1_66' title='bbox 341 938 471 1004; x_wconf 79' lang='lat' dir='ltr'><strong>videtur</strong></span> <span class='ocrx_word' id='word_1_67' title='bbox 493 937 602 1004; x_wconf 87' lang='lat' dir='ltr'><strong>Numa</strong></span> <span class='ocrx_word' id='word_1_68' title='bbox 628 944 740 1004; x_wconf 87' lang='lat' dir='ltr'><strong>noster</strong></span> <span class='ocrx_word' id='word_1_69' title='bbox 769 941 909 1004; x_wconf 81' lang='lat' dir='ltr'><strong>maxime</strong></span> <span class='ocrx_word' id='word_1_70' title='bbox 938 939 1083 1004; x_wconf 84' lang='lat' dir='ltr'><strong>tenuisse</strong></span> <span class='ocrx_word' id='word_1_71' title='bbox 1110 940 1201 1004; x_wconf 89' lang='lat' dir='ltr'><strong>hunc</strong></span> 
     </span>
     <span class='ocr_line' id='line_1_10' title="bbox 185 1026 1201 1114; baseline 0.003 -24"><span class='ocrx_word' id='word_1_72' title='bbox 185 1048 309 1092; x_wconf 88' lang='lat' dir='ltr'><strong>morem</strong></span> <span class='ocrx_word' id='word_1_73' title='bbox 326 1031 470 1092; x_wconf 83' lang='lat' dir='ltr'><strong>veterem</strong></span> <span class='ocrx_word' id='word_1_74' title='bbox 485 1026 640 1092; x_wconf 77' lang='lat' dir='ltr'>Graeciae</span> <span class='ocrx_word' id='word_1_75' title='bbox 658 1049 781 1114; x_wconf 89' lang='lat' dir='ltr'><strong>regum.</strong></span> <span class='ocrx_word' id='word_1_76' title='bbox 817 1028 904 1093; x_wconf 90' lang='lat' dir='ltr'><strong>Nam</strong></span> <span class='ocrx_word' id='word_1_77' title='bbox 923 1028 1030 1112; x_wconf 71' lang='lat' dir='ltr'><strong>ceteri,</strong></span> <span class='ocrx_word' id='word_1_78' title='bbox 1053 1029 1118 1092; x_wconf 87' lang='lat' dir='ltr'><strong>etsi</strong></span> <span class='ocrx_word' id='word_1_79' title='bbox 1135 1028 1201 1093; x_wconf 89' lang='lat' dir='ltr'><strong>hoc</strong></span> 
     </span>
     <span class='ocr_line' id='line_1_11' title="bbox 183 1115 1240 1202; baseline -0.004 -23"><span class='ocrx_word' id='word_1_80' title='bbox 183 1137 312 1200; x_wconf 92' lang='lat' dir='ltr'><strong>quoque</strong></span> <span class='ocrx_word' id='word_1_81' title='bbox 340 1135 472 1180; x_wconf 89' lang='lat' dir='ltr'><strong>munere</strong></span> <span class='ocrx_word' id='word_1_82' title='bbox 493 1115 728 1202; x_wconf 84' lang='lat' dir='ltr'><strong>fungebantur,</strong></span> <span class='ocrx_word' id='word_1_83' title='bbox 755 1137 909 1202; x_wconf 88' lang='lat' dir='ltr'><strong>magnam</strong></span> <span class='ocrx_word' id='word_1_84' title='bbox 932 1120 1044 1180; x_wconf 88' lang='lat' dir='ltr'><strong>tamen</strong></span> <span class='ocrx_word' id='word_1_85' title='bbox 1066 1122 1200 1201; x_wconf 86' lang='lat' dir='ltr'><strong>partem</strong></span> <span class='ocrx_word' id='word_1_86' title='bbox 1214 1137 1240 1176; x_wconf 87' lang='lat' dir='ltr'><strong>ro</strong></span> 
     </span>
     <span class='ocr_line' id='line_1_12' title="bbox 184 1203 1201 1289; baseline 0.002 -22"><span class='ocrx_word' id='word_1_87' title='bbox 184 1203 273 1268; x_wconf 88' lang='lat' dir='ltr'><strong>bella</strong></span> <span class='ocrx_word' id='word_1_88' title='bbox 300 1207 471 1289; x_wconf 89' lang='lat' dir='ltr'><strong>gesserunt</strong></span> <span class='ocrx_word' id='word_1_89' title='bbox 498 1208 531 1268; x_wconf 91' lang='lat' dir='ltr'><strong>et</strong></span> <span class='ocrx_word' id='word_1_90' title='bbox 558 1226 670 1269; x_wconf 88' lang='lat' dir='ltr'><strong>eorum</strong></span> <span class='ocrx_word' id='word_1_91' title='bbox 696 1205 769 1269; x_wconf 88' lang='lat' dir='ltr'><strong>iura</strong></span> <span class='ocrx_word' id='word_1_92' title='bbox 791 1206 974 1288; x_wconf 81' lang='lat' dir='ltr'><strong>coluerunt3</strong></span> <span class='ocrx_word' id='word_1_93' title='bbox 1004 1205 1062 1268; x_wconf 83' lang='lat' dir='ltr'><strong>illa</strong></span> <span class='ocrx_word' id='word_1_94' title='bbox 1087 1209 1201 1270; x_wconf 83' lang='lat' dir='ltr'><strong>eutem</strong></span> 
     </span>
     <span class='ocr_line' id='line_1_13' title="bbox 182 1291 1201 1379; baseline 0.003 -24"><span class='ocrx_word' id='word_1_95' title='bbox 182 1291 342 1356; x_wconf 81' lang='lat' dir='ltr'><strong>diuturna</strong></span> <span class='ocrx_word' id='word_1_96' title='bbox 358 1313 423 1376; x_wconf 86' lang='lat' dir='ltr'><strong>pax</strong></span> <span class='ocrx_word' id='word_1_97' title='bbox 440 1291 567 1357; x_wconf 89' lang='lat' dir='ltr'><strong>Numae</strong></span> <span class='ocrx_word' id='word_1_98' title='bbox 591 1297 696 1357; x_wconf 85' lang='lat' dir='ltr'><strong>mater</strong></span> <span class='ocrx_word' id='word_1_99' title='bbox 717 1292 794 1358; x_wconf 89' lang='lat' dir='ltr'><strong>huic</strong></span> <span class='ocrx_word' id='word_1_100' title='bbox 814 1293 889 1358; x_wconf 87' lang='lat' dir='ltr'><strong>urbi</strong></span> <span class='ocrx_word' id='word_1_101' title='bbox 911 1293 991 1357; x_wconf 88' lang='lat' dir='ltr'><strong>iuris</strong></span> <span class='ocrx_word' id='word_1_102' title='bbox 1015 1296 1052 1356; x_wconf 83' lang='lat' dir='ltr'><strong>et</strong></span> <span class='ocrx_word' id='word_1_103' title='bbox 1066 1293 1201 1379; x_wconf 89' lang='lat' dir='ltr'><strong>religio·</strong></span> 
     </span>
     <span class='ocr_line' id='line_1_14' title="bbox 183 1379 1199 1466; baseline 0.002 -22"><span class='ocrx_word' id='word_1_104' title='bbox 183 1379 234 1444; x_wconf 87' lang='lat' dir='ltr'><strong>nis</strong></span> <span class='ocrx_word' id='word_1_105' title='bbox 257 1380 330 1464; x_wconf 85' lang='lat' dir='ltr'><strong>fuit,</strong></span> <span class='ocrx_word' id='word_1_106' title='bbox 353 1380 409 1464; x_wconf 92' lang='lat' dir='ltr'><strong>qui</strong></span> <span class='ocrx_word' id='word_1_107' title='bbox 431 1380 541 1466; x_wconf 87' lang='lat' dir='ltr'><strong>legum</strong></span> <span class='ocrx_word' id='word_1_108' title='bbox 565 1382 663 1445; x_wconf 83' lang='lat' dir='ltr'><strong>etiam</strong></span> <span class='ocrx_word' id='word_1_109' title='bbox 687 1380 828 1466; x_wconf 76' lang='lat' dir='ltr'>scriptor</span> <span class='ocrx_word' id='word_1_110' title='bbox 849 1381 976 1464; x_wconf 84' lang='lat' dir='ltr'><strong>fuisset,</strong></span> <span class='ocrx_word' id='word_1_111' title='bbox 999 1403 1081 1465; x_wconf 90' lang='lat' dir='ltr'><strong>quas</strong></span> <span class='ocrx_word' id='word_1_112' title='bbox 1105 1383 1199 1447; x_wconf 84' lang='lat' dir='ltr'><strong>scitis</strong></span> 
     </span>
     <span class='ocr_line' id='line_1_15' title="bbox 184 1468 1198 1556; baseline 0.003 -24"><span class='ocrx_word' id='word_1_113' title='bbox 184 1472 308 1553; x_wconf 86' lang='lat' dir='ltr'><strong>extare,</strong></span> <span class='ocrx_word' id='word_1_114' title='bbox 338 1469 431 1553; x_wconf 86' lang='lat' dir='ltr'><strong>quod·</strong></span> <span class='ocrx_word' id='word_1_115' title='bbox 454 1469 583 1553; x_wconf 90' lang='lat' dir='ltr'><strong>quidem</strong></span> <span class='ocrx_word' id='word_1_116' title='bbox 612 1468 708 1534; x_wconf 89' lang='lat' dir='ltr'><strong>huius</strong></span> <span class='ocrx_word' id='word_1_117' title='bbox 740 1469 820 1534; x_wconf 87' lang='lat' dir='ltr'><strong>civis</strong></span> <span class='ocrx_word' id='word_1_118' title='bbox 849 1470 1031 1554; x_wconf 82' lang='lat' dir='ltr'><strong>proprium,</strong></span> <span class='ocrx_word' id='word_1_119' title='bbox 1061 1470 1101 1536; x_wconf 86' lang='lat' dir='ltr'><strong>de</strong></span> <span class='ocrx_word' id='word_1_120' title='bbox 1133 1492 1198 1556; x_wconf 92' lang='lat' dir='ltr'><strong>quo</strong></span> 
     </span>
     <span class='ocr_line' id='line_1_16' title="bbox 185 1576 1237 1642; baseline 0.003 -22"><span class='ocrx_word' id='word_1_121' title='bbox 185 1578 328 1642; x_wconf 76' lang='lat' dir='ltr'><strong>agimus.</strong></span> <span class='ocrx_word' id='word_1_122' title='bbox 343 1606 351 1621; x_wconf 91' lang='lat'><strong>.</strong></span> <span class='ocrx_word' id='word_1_123' title='bbox 366 1607 395 1621; x_wconf 91' lang='lat'><strong>..</strong></span> <span class='ocrx_word' id='word_1_124' title='bbox 1214 1576 1237 1616; x_wconf 67' lang='grc' dir='ltr'>ω</span> 
     </span>
     <span class='ocr_line' id='line_1_17' title="bbox 250 1645 1198 1728; baseline 0.004 -20"><span class='ocrx_word' id='word_1_125' title='bbox 250 1647 298 1709; x_wconf 86' lang='grc' dir='ltr'><strong>Μ.</strong></span> <span class='ocrx_word' id='word_1_126' title='bbox 323 1645 452 1710; x_wconf 71' lang='lat' dir='ltr'><strong>Tollius</strong></span> <span class='ocrx_word' id='word_1_127' title='bbox 467 1646 506 1710; x_wconf 78' lang='lat' dir='ltr'><strong>de</strong></span> <span class='ocrx_word' id='word_1_128' title='bbox 524 1667 559 1710; x_wconf 86' lang='lat' dir='ltr'><strong>re</strong></span> <span class='ocrx_word' id='word_1_129' title='bbox 573 1645 659 1728; x_wconf 78' lang='lat' dir='ltr'><strong>publ.</strong></span> <span class='ocrx_word' id='word_1_130' title='bbox 683 1647 732 1710; x_wconf 81' lang='lat' dir='ltr'><strong>lib.</strong></span> <span class='ocrx_word' id='word_1_131' title='bbox 761 1645 804 1711; x_wconf 82' lang='lat' dir='ltr'><strong>V:</strong></span> <span class='ocrx_word' id='word_1_132' title='bbox 831 1646 888 1710; x_wconf 88' lang='lat' dir='ltr'><strong>sed</strong></span> <span class='ocrx_word' id='word_1_133' title='bbox 914 1649 1026 1711; x_wconf 87' lang='lat' dir='ltr'><strong>tamen</strong></span> <span class='ocrx_word' id='word_1_134' title='bbox 1048 1649 1088 1709; x_wconf 89' lang='lat' dir='ltr'><strong>ut</strong></span> <span class='ocrx_word' id='word_1_135' title='bbox 1108 1646 1198 1712; x_wconf 92' lang='lat' dir='ltr'><strong>bono</strong></span> 
     </span>
     <span class='ocr_line' id='line_1_18' title="bbox 184 1732 1197 1818; baseline 0.003 -21"><span class='ocrx_word' id='word_1_136' title='bbox 184 1732 433 1818; x_wconf 85' lang='lat' dir='ltr'><strong>patrifamilias</strong></span> <span class='ocrx_word' id='word_1_137' title='bbox 452 1733 587 1817; x_wconf 85' lang='lat' dir='ltr'><strong>colendi,</strong></span> <span class='ocrx_word' id='word_1_138' title='bbox 611 1734 810 1818; x_wconf 71' lang='lat' dir='ltr'><strong>aedificandi,</strong></span> <span class='ocrx_word' id='word_1_139' title='bbox 828 1734 1044 1800; x_wconf 87' lang='lat' dir='ltr'><strong>ratiocinandi</strong></span> <span class='ocrx_word' id='word_1_140' title='bbox 1063 1734 1197 1818; x_wconf 86' lang='lat' dir='ltr'><strong>quidam</strong></span> 
     </span>
     <span class='ocr_line' id='line_1_19' title="bbox 186 1822 1280 1906; baseline 0.005 -22"><span class='ocrx_word' id='word_1_141' title='bbox 186 1843 263 1884; x_wconf 89' lang='lat' dir='ltr'><strong>usus</strong></span> <span class='ocrx_word' id='word_1_142' title='bbox 287 1841 369 1906; x_wconf 90' lang='lat' dir='ltr'><strong>opus</strong></span> <span class='ocrx_word' id='word_1_143' title='bbox 392 1825 451 1885; x_wconf 83' lang='lat' dir='ltr'><strong>est.</strong></span> <span class='ocrx_word' id='word_1_144' title='bbox 488 1822 774 1904; x_wconf 59' lang='lat' dir='ltr'><strong>(Nestoream.</strong></span> <span class='ocrx_word' id='word_1_145' title='bbox 797 1826 862 1903; x_wconf 88' lang='lat'><em>19.)</em></span> <span class='ocrx_word' id='word_1_146' title='bbox 1279 1899 1280 1904; x_wconf 40' lang='lat'><strong>.</strong></span> 
     </span>
     <span class='ocr_line' id='line_1_20' title="bbox 148 1909 1201 1996; baseline 0.005 -23"><span class='ocrx_word' id='word_1_147' title='bbox 148 1924 166 1973; x_wconf 80' lang='lat' dir='ltr'><strong>e</strong></span> <span class='ocrx_word' id='word_1_148' title='bbox 184 1938 212 1988; x_wconf 88' lang='lat' dir='ltr'><strong>p.</strong></span> <span class='ocrx_word' id='word_1_149' title='bbox 232 1911 297 1990; x_wconf 79' lang='lat'><strong>253]</strong></span> <span class='ocrx_word' id='word_1_150' title='bbox 372 1909 620 1975; x_wconf 83' lang='lat' dir='ltr'><strong>....rodioum</strong></span> <span class='ocrx_word' id='word_1_151' title='bbox 648 1911 871 1994; x_wconf 81' lang='lat' dir='ltr'><strong>seminumque</strong></span> <span class='ocrx_word' id='word_1_152' title='bbox 899 1932 1095 1996; x_wconf 79' lang='lat' dir='ltr'><strong>cognoscere</strong></span> <span class='ocrx_word' id='word_1_153' title='bbox 1117 1933 1201 1978; x_wconf 89' lang='lat' dir='ltr'><strong>num</strong></span> 
     </span>
     <span class='ocr_line' id='line_1_21' title="bbox 183 1996 1237 2083; baseline 0.006 -23"><span class='ocrx_word' id='word_1_154' title='bbox 183 2001 218 2061; x_wconf 87' lang='lat' dir='ltr'><strong>te</strong></span> <span class='ocrx_word' id='word_1_155' title='bbox 241 1997 404 2062; x_wconf 80' lang='lat' dir='ltr'><strong>offendet?</strong></span> <span class='ocrx_word' id='word_1_156' title='bbox 435 1999 484 2063; x_wconf 85' lang='lat' dir='ltr'><strong>M.</strong></span> <span class='ocrx_word' id='word_1_157' title='bbox 502 1996 604 2080; x_wconf 85' lang='lat' dir='ltr'><strong>Nihil,</strong></span> <span class='ocrx_word' id='word_1_158' title='bbox 628 1999 657 2062; x_wconf 92' lang='lat' dir='ltr'><strong>si</strong></span> <span class='ocrx_word' id='word_1_159' title='bbox 679 1999 774 2063; x_wconf 92' lang='lat' dir='ltr'><strong>medo</strong></span> <span class='ocrx_word' id='word_1_160' title='bbox 794 2020 875 2083; x_wconf 92' lang='lat' dir='ltr'><strong>opus</strong></span> <span class='ocrx_word' id='word_1_161' title='bbox 894 2000 1028 2064; x_wconf 85' lang='lat' dir='ltr'><strong>extabit.</strong></span> <span class='ocrx_word' id='word_1_162' title='bbox 1055 1999 1089 2066; x_wconf 78' lang='lat' dir='ltr'><strong>S.</strong></span> <span class='ocrx_word' id='word_1_163' title='bbox 1107 1999 1199 2066; x_wconf 91' lang='lat' dir='ltr'><strong>Num</strong></span> <span class='ocrx_word' id='word_1_164' title='bbox 1212 2018 1237 2058; x_wconf 75' lang='lat'><strong>2⁰</strong></span> 
     </span>
     <span class='ocr_line' id='line_1_22' title="bbox 184 2085 1200 2174; baseline 0.006 -25"><span class='ocrx_word' id='word_1_165' title='bbox 184 2085 219 2150; x_wconf 92' lang='lat' dir='ltr'><strong>id</strong></span> <span class='ocrx_word' id='word_1_166' title='bbox 251 2085 394 2150; x_wconf 90' lang='lat' dir='ltr'><strong>studium</strong></span> <span class='ocrx_word' id='word_1_167' title='bbox 426 2107 537 2150; x_wconf 91' lang='lat' dir='ltr'><strong>censes</strong></span> <span class='ocrx_word' id='word_1_168' title='bbox 570 2107 640 2150; x_wconf 91' lang='lat' dir='ltr'><strong>esse</strong></span> <span class='ocrx_word' id='word_1_169' title='bbox 671 2087 783 2152; x_wconf 81' lang='lat' dir='ltr'><strong>vilici?</strong></span> <span class='ocrx_word' id='word_1_170' title='bbox 826 2088 871 2152; x_wconf 82' lang='lat' dir='ltr'><strong>M.</strong></span> <span class='ocrx_word' id='word_1_171' title='bbox 895 2086 1043 2172; x_wconf 80' lang='lat' dir='ltr'><strong>Minim03</strong></span> <span class='ocrx_word' id='word_1_172' title='bbox 1075 2089 1200 2174; x_wconf 88' lang='lat' dir='ltr'><strong>quippe</strong></span> 
     </span>
     <span class='ocr_line' id='line_1_23' title="bbox 183 2174 1197 2263; baseline 0.001 -24"><span class='ocrx_word' id='word_1_173' title='bbox 183 2196 257 2240; x_wconf 88' lang='lat' dir='ltr'><strong>cum</strong></span> <span class='ocrx_word' id='word_1_174' title='bbox 277 2175 349 2260; x_wconf 89' lang='lat' dir='ltr'><strong>agri</strong></span> <span class='ocrx_word' id='word_1_175' title='bbox 367 2174 529 2239; x_wconf 87' lang='lat' dir='ltr'><strong>culturam</strong></span> <span class='ocrx_word' id='word_1_176' title='bbox 548 2174 737 2258; x_wconf 89' lang='lat' dir='ltr'><strong>saepissime</strong></span> <span class='ocrx_word' id='word_1_177' title='bbox 756 2197 856 2259; x_wconf 87' lang='lat' dir='ltr'><strong>opera</strong></span> <span class='ocrx_word' id='word_1_178' title='bbox 874 2175 1012 2241; x_wconf 86' lang='lat' dir='ltr'><strong>deficiat.</strong></span> <span class='ocrx_word' id='word_1_179' title='bbox 1043 2176 1076 2241; x_wconf 74' lang='lat' dir='ltr'><strong>S:</strong></span> <span class='ocrx_word' id='word_1_180' title='bbox 1094 2175 1197 2263; x_wconf 78' lang='lat' dir='ltr'><strong>Ergo,</strong></span> 
     </span>
     <span class='ocr_line' id='line_1_24' title="bbox 184 2263 1198 2349; baseline 0 -22"><span class='ocrx_word' id='word_1_181' title='bbox 184 2267 222 2327; x_wconf 90' lang='lat' dir='ltr'><strong>ut</strong></span> <span class='ocrx_word' id='word_1_182' title='bbox 239 2263 355 2328; x_wconf 90' lang='lat' dir='ltr'><strong>vilicus</strong></span> <span class='ocrx_word' id='word_1_183' title='bbox 374 2265 525 2326; x_wconf 86' lang='lat' dir='ltr'><strong>naturam</strong></span> <span class='ocrx_word' id='word_1_184' title='bbox 545 2263 617 2348; x_wconf 88' lang='lat' dir='ltr'><strong>agri</strong></span> <span class='ocrx_word' id='word_1_185' title='bbox 633 2263 735 2347; x_wconf 86' lang='lat' dir='ltr'><strong>novit,</strong></span> <span class='ocrx_word' id='word_1_186' title='bbox 755 2263 961 2348; x_wconf 77' lang='lat' dir='ltr'><strong>dispensator</strong></span> <span class='ocrx_word' id='word_1_187' title='bbox 979 2264 1110 2330; x_wconf 75' lang='lat' dir='ltr'><strong>litteras</strong></span> <span class='ocrx_word' id='word_1_188' title='bbox 1124 2266 1198 2349; x_wconf 82' lang='lat' dir='ltr'><strong>scit,</strong></span> 
     </span>
     <span class='ocr_line' id='line_1_25' title="bbox 183 2349 1278 2436; baseline 0.003 -21"><span class='ocrx_word' id='word_1_189' title='bbox 183 2356 320 2436; x_wconf 86' lang='lat' dir='ltr'><strong>uterque</strong></span> <span class='ocrx_word' id='word_1_190' title='bbox 344 2355 453 2415; x_wconf 88' lang='lat' dir='ltr'><strong>autem</strong></span> <span class='ocrx_word' id='word_1_191' title='bbox 476 2372 511 2414; x_wconf 92' lang='lat' dir='ltr'><strong>se</strong></span> <span class='ocrx_word' id='word_1_192' title='bbox 532 2374 552 2415; x_wconf 87' lang='lat' dir='ltr'><strong>a</strong></span> <span class='ocrx_word' id='word_1_193' title='bbox 570 2351 723 2415; x_wconf 88' lang='lat' dir='ltr'><strong>scientiae</strong></span> <span class='ocrx_word' id='word_1_194' title='bbox 742 2351 956 2417; x_wconf 82' lang='lat' dir='ltr'><strong>delectatione</strong></span> <span class='ocrx_word' id='word_1_195' title='bbox 975 2353 1016 2417; x_wconf 88' lang='lat' dir='ltr'><strong>ad</strong></span> <span class='ocrx_word' id='word_1_196' title='bbox 1034 2352 1198 2418; x_wconf 88' lang='lat' dir='ltr'><strong>efficiendi</strong></span> <span class='ocrx_word' id='word_1_197' title='bbox 1277 2349 1278 2358; x_wconf 70' lang='grc'>’</span> 
     </span>
     <span class='ocr_line' id='line_1_26' title="bbox 183 2439 1234 2522; baseline 0.003 -18"><span class='ocrx_word' id='word_1_198' title='bbox 183 2441 361 2504; x_wconf 82' lang='lat' dir='ltr'><strong>utilitatem</strong></span> <span class='ocrx_word' id='word_1_199' title='bbox 385 2439 498 2522; x_wconf 77' lang='lat' dir='ltr'><strong>refert,</strong></span> <span class='ocrx_word' id='word_1_200' title='bbox 526 2439 572 2504; x_wconf 88' lang='lat' dir='ltr'><strong>sio</strong></span> <span class='ocrx_word' id='word_1_201' title='bbox 593 2444 705 2504; x_wconf 89' lang='lat' dir='ltr'><strong>noster</strong></span> <span class='ocrx_word' id='word_1_202' title='bbox 726 2439 781 2505; x_wconf 89' lang='lat' dir='ltr'><strong>hic</strong></span> <span class='ocrx_word' id='word_1_203' title='bbox 802 2444 911 2505; x_wconf 85' lang='lat' dir='ltr'><strong>rector.</strong></span> <span class='ocrx_word' id='word_1_204' title='bbox 933 2441 1093 2505; x_wconf 87' lang='lat' dir='ltr'><strong>studuerit</strong></span> <span class='ocrx_word' id='word_1_205' title='bbox 1117 2463 1196 2507; x_wconf 88' lang='lat' dir='ltr'><strong>sane</strong></span> <span class='ocrx_word' id='word_1_206' title='bbox 1209 2460 1234 2499; x_wconf 77' lang='lat'><strong>2⁵</strong></span> 
     </span>
     <span class='ocr_line' id='line_1_27' title="bbox 183 2526 1197 2614; baseline 0.003 -22"><span class='ocrx_word' id='word_1_207' title='bbox 183 2528 247 2593; x_wconf 87' lang='lat' dir='ltr'><strong>iuri</strong></span> <span class='ocrx_word' id='word_1_208' title='bbox 270 2532 303 2592; x_wconf 89' lang='lat' dir='ltr'><strong>et</strong></span> <span class='ocrx_word' id='word_1_209' title='bbox 323 2527 452 2614; x_wconf 89' lang='lat' dir='ltr'><strong>legibus</strong></span> <span class='ocrx_word' id='word_1_210' title='bbox 471 2527 712 2614; x_wconf 79' lang='lat' dir='ltr'><strong>cognoscendis,</strong></span> <span class='ocrx_word' id='word_1_211' title='bbox 733 2526 836 2593; x_wconf 85' lang='lat' dir='ltr'><strong>fontis</strong></span> <span class='ocrx_word' id='word_1_212' title='bbox 855 2528 985 2612; x_wconf 89' lang='lat' dir='ltr'><strong>quidem</strong></span> <span class='ocrx_word' id='word_1_213' title='bbox 1004 2550 1115 2594; x_wconf 88' lang='lat' dir='ltr'><strong>earum</strong></span> <span class='ocrx_word' id='word_1_214' title='bbox 1134 2531 1197 2595; x_wconf 89' lang='lat' dir='ltr'><strong>uti·</strong></span> 
     </span>
     <span class='ocr_line' id='line_1_28' title="bbox 183 2615 1196 2717; baseline 0.002 -36"><span class='ocrx_word' id='word_1_215' title='bbox 183 2645 211 2696; x_wconf 91' lang='lat' dir='ltr'><strong>p.</strong></span> <span class='ocrx_word' id='word_1_216' title='bbox 230 2615 303 2698; x_wconf 80' lang='lat'>254]</span> <span class='ocrx_word' id='word_1_217' title='bbox 322 2637 384 2700; x_wconf 93' lang='lat' dir='ltr'><strong>que</strong></span> <span class='ocrx_word' id='word_1_218' title='bbox 406 2616 625 2717; x_wconf 65' lang='lat' dir='ltr'><strong>perlspexerit,</strong></span> <span class='ocrx_word' id='word_1_219' title='bbox 649 2616 705 2680; x_wconf 90' lang='lat' dir='ltr'><strong>sed</strong></span> <span class='ocrx_word' id='word_1_220' title='bbox 728 2637 763 2680; x_wconf 89' lang='lat' dir='ltr'><strong>se</strong></span> <span class='ocrx_word' id='word_1_221' title='bbox 785 2617 1034 2701; x_wconf 84' lang='lat' dir='ltr'><strong>responsitando</strong></span> <span class='ocrx_word' id='word_1_222' title='bbox 1053 2621 1089 2681; x_wconf 80' lang='lat' dir='ltr'><strong>et</strong></span> <span class='ocrx_word' id='word_1_223' title='bbox 1105 2617 1196 2684; x_wconf 84' lang='lat' dir='ltr'><strong>lecti·</strong></span> 
     </span>
     <span class='ocr_line' id='line_1_29' title="bbox 183 2704 1196 2790; baseline 0.004 -22"><span class='ocrx_word' id='word_1_224' title='bbox 183 2705 284 2770; x_wconf 87' lang='lat' dir='ltr'><strong>tando</strong></span> <span class='ocrx_word' id='word_1_225' title='bbox 308 2708 343 2768; x_wconf 87' lang='lat' dir='ltr'><strong>et</strong></span> <span class='ocrx_word' id='word_1_226' title='bbox 360 2705 574 2790; x_wconf 84' lang='lat' dir='ltr'><strong>seriptrtando</strong></span> <span class='ocrx_word' id='word_1_227' title='bbox 591 2725 633 2769; x_wconf 89' lang='lat' dir='ltr'><strong>ne</strong></span> <span class='ocrx_word' id='word_1_228' title='bbox 651 2704 817 2788; x_wconf 78' lang='lat' dir='ltr'><strong>impediat,</strong></span> <span class='ocrx_word' id='word_1_229' title='bbox 840 2708 878 2768; x_wconf 88' lang='lat' dir='ltr'><strong>ut</strong></span> <span class='ocrx_word' id='word_1_230' title='bbox 896 2705 989 2790; x_wconf 89' lang='lat' dir='ltr'><strong>quasi</strong></span> <span class='ocrx_word' id='word_1_231' title='bbox 1006 2705 1196 2790; x_wconf 88' lang='lat' dir='ltr'><strong>dispensare</strong></span> 
     </span>
     <span class='ocr_line' id='line_1_30' title="bbox 182 2792 1196 2879; baseline 0.002 -23"><span class='ocrx_word' id='word_1_232' title='bbox 182 2815 251 2858; x_wconf 88' lang='lat' dir='ltr'><strong>rem</strong></span> <span class='ocrx_word' id='word_1_233' title='bbox 278 2792 445 2878; x_wconf 89' lang='lat' dir='ltr'><strong>publicam</strong></span> <span class='ocrx_word' id='word_1_234' title='bbox 468 2792 556 2857; x_wconf 85' lang='lat' dir='ltr'><strong>etin</strong></span> <span class='ocrx_word' id='word_1_235' title='bbox 580 2814 620 2857; x_wconf 88' lang='lat' dir='ltr'><strong>ea</strong></span> <span class='ocrx_word' id='word_1_236' title='bbox 642 2793 782 2877; x_wconf 89' lang='lat' dir='ltr'><strong>quodam</strong></span> <span class='ocrx_word' id='word_1_237' title='bbox 804 2793 901 2858; x_wconf 90' lang='lat' dir='ltr'><strong>modo</strong></span> <span class='ocrx_word' id='word_1_238' title='bbox 924 2792 1057 2858; x_wconf 81' lang='lat' dir='ltr'><strong>vilicare</strong></span> <span class='ocrx_word' id='word_1_239' title='bbox 1078 2796 1196 2879; x_wconf 84' lang='lat' dir='ltr'><strong>possit,</strong></span> 
     </span>
     <span class='ocr_line' id='line_1_31' title="bbox 183 2880 1277 2966; baseline 0.004 -20"><span class='ocrx_word' id='word_1_240' title='bbox 183 2881 303 2946; x_wconf 88' lang='lat' dir='ltr'><strong>summi</strong></span> <span class='ocrx_word' id='word_1_241' title='bbox 330 2881 410 2945; x_wconf 87' lang='lat' dir='ltr'><strong>iuris</strong></span> <span class='ocrx_word' id='word_1_242' title='bbox 435 2880 666 2966; x_wconf 84' lang='lat' dir='ltr'><strong>peritissimus,</strong></span> <span class='ocrx_word' id='word_1_243' title='bbox 695 2881 764 2944; x_wconf 89' lang='lat' dir='ltr'><strong>sine</strong></span> <span class='ocrx_word' id='word_1_244' title='bbox 788 2901 851 2964; x_wconf 91' lang='lat' dir='ltr'><strong>quo</strong></span> <span class='ocrx_word' id='word_1_245' title='bbox 874 2881 980 2945; x_wconf 89' lang='lat' dir='ltr'><strong>iustus</strong></span> <span class='ocrx_word' id='word_1_246' title='bbox 1003 2902 1074 2946; x_wconf 91' lang='lat' dir='ltr'><strong>esse</strong></span> <span class='ocrx_word' id='word_1_247' title='bbox 1095 2903 1193 2949; x_wconf 90' lang='lat' dir='ltr'><strong>nemo</strong></span> <span class='ocrx_word' id='word_1_248' title='bbox 1207 2899 1233 2939; x_wconf 77' lang='lat'><strong>⁸⁰</strong></span> <span class='ocrx_word' id='word_1_249' title='bbox 1273 2925 1277 2940; x_wconf 76' lang='lat'>‹</span> 
     </span>
     <span class='ocr_line' id='line_1_32' title="bbox 182 2968 1195 3057; baseline 0 -23"><span class='ocrx_word' id='word_1_250' title='bbox 182 2973 302 3054; x_wconf 84' lang='lat' dir='ltr'><strong>potest,</strong></span> <span class='ocrx_word' id='word_1_251' title='bbox 325 2968 430 3034; x_wconf 87' lang='lat' dir='ltr'><strong>civilis</strong></span> <span class='ocrx_word' id='word_1_252' title='bbox 452 2989 519 3033; x_wconf 91' lang='lat' dir='ltr'><strong>non</strong></span> <span class='ocrx_word' id='word_1_253' title='bbox 539 2969 709 3053; x_wconf 81' lang='lat' dir='ltr'><strong>inperitus,</strong></span> <span class='ocrx_word' id='word_1_254' title='bbox 732 2968 789 3033; x_wconf 89' lang='lat' dir='ltr'><strong>sed</strong></span> <span class='ocrx_word' id='word_1_255' title='bbox 811 2971 867 3052; x_wconf 80' lang='lat' dir='ltr'><strong>ita,</strong></span> <span class='ocrx_word' id='word_1_256' title='bbox 890 2973 928 3033; x_wconf 88' lang='lat' dir='ltr'><strong>ut</strong></span> <span class='ocrx_word' id='word_1_257' title='bbox 950 2972 1114 3034; x_wconf 85' lang='lat' dir='ltr'><strong>astrorum</strong></span> <span class='ocrx_word' id='word_1_258' title='bbox 1138 2993 1195 3057; x_wconf 88' lang='lat' dir='ltr'><strong>gu·</strong></span> 
     </span>
     <span class='ocr_line' id='line_1_33' title="bbox 182 3057 1194 3141; baseline 0.001 -19"><span class='ocrx_word' id='word_1_259' title='bbox 182 3057 350 3140; x_wconf 87' lang='lat' dir='ltr'><strong>bernator,</strong></span> <span class='ocrx_word' id='word_1_260' title='bbox 378 3057 587 3141; x_wconf 88' lang='lat' dir='ltr'><strong>physicorum</strong></span> <span class='ocrx_word' id='word_1_261' title='bbox 610 3057 765 3140; x_wconf 87' lang='lat' dir='ltr'><strong>medicus;</strong></span> <span class='ocrx_word' id='word_1_262' title='bbox 793 3061 929 3141; x_wconf 89' lang='lat' dir='ltr'><strong>uterque</strong></span> <span class='ocrx_word' id='word_1_263' title='bbox 952 3057 1038 3121; x_wconf 90' lang='lat' dir='ltr'><strong>enim</strong></span> <span class='ocrx_word' id='word_1_264' title='bbox 1061 3058 1128 3122; x_wconf 91' lang='lat' dir='ltr'><strong>illis</strong></span> <span class='ocrx_word' id='word_1_265' title='bbox 1153 3060 1194 3123; x_wconf 88' lang='lat' dir='ltr'><strong>sd</strong></span> 
     </span>
     <span class='ocr_line' id='line_1_34' title="bbox 184 3146 1193 3232; baseline 0.003 -23"><span class='ocrx_word' id='word_1_266' title='bbox 184 3151 288 3210; x_wconf 87' lang='lat' dir='ltr'><strong>artem</strong></span> <span class='ocrx_word' id='word_1_267' title='bbox 312 3167 404 3209; x_wconf 88' lang='lat' dir='ltr'><strong>suam</strong></span> <span class='ocrx_word' id='word_1_268' title='bbox 427 3146 540 3226; x_wconf 86' lang='lat' dir='ltr'><strong>utitur,</strong></span> <span class='ocrx_word' id='word_1_269' title='bbox 564 3146 619 3209; x_wconf 87' lang='lat' dir='ltr'><strong>sed</strong></span> <span class='ocrx_word' id='word_1_270' title='bbox 643 3167 677 3210; x_wconf 89' lang='lat' dir='ltr'><strong>se</strong></span> <span class='ocrx_word' id='word_1_271' title='bbox 700 3168 720 3209; x_wconf 90' lang='lat' dir='ltr'><strong>a</strong></span> <span class='ocrx_word' id='word_1_272' title='bbox 743 3167 801 3209; x_wconf 95' lang='lat' dir='ltr'><strong>suo</strong></span> <span class='ocrx_word' id='word_1_273' title='bbox 825 3167 956 3210; x_wconf 91' lang='lat' dir='ltr'><strong>munere</strong></span> <span class='ocrx_word' id='word_1_274' title='bbox 974 3167 1041 3211; x_wconf 90' lang='lat' dir='ltr'><strong>nen</strong></span> <span class='ocrx_word' id='word_1_275' title='bbox 1058 3146 1193 3232; x_wconf 86' lang='lat' dir='ltr'><strong>inpedit.</strong></span> 
     </span>
     <span class='ocr_line' id='line_1_35' title="bbox 182 3232 776 3298; baseline 0.004 -2"><span class='ocrx_word' id='word_1_276' title='bbox 182 3232 268 3297; x_wconf 87' lang='lat' dir='ltr'><strong>Illud</strong></span> <span class='ocrx_word' id='word_1_277' title='bbox 291 3237 401 3298; x_wconf 90' lang='lat' dir='ltr'><strong>autem</strong></span> <span class='ocrx_word' id='word_1_278' title='bbox 423 3233 547 3297; x_wconf 87' lang='lat' dir='ltr'><strong>videbit</strong></span> <span class='ocrx_word' id='word_1_279' title='bbox 570 3233 623 3298; x_wconf 90' lang='lat' dir='ltr'><strong>hio</strong></span> <span class='ocrx_word' id='word_1_280' title='bbox 645 3233 710 3298; x_wconf 88' lang='lat' dir='ltr'><strong>vir.</strong></span> <span class='ocrx_word' id='word_1_281' title='bbox 726 3284 733 3298; x_wconf 95' lang='lat'><strong>.</strong></span> <span class='ocrx_word' id='word_1_282' title='bbox 748 3284 776 3298; x_wconf 94' lang='lat'><strong>..</strong></span> 
     </span>
     <span class='ocr_line' id='line_1_36' title="bbox 144 3293 1233 3417; baseline -0.003 -33"><span class='ocrx_word' id='word_1_283' title='bbox 144 3293 164 3417; x_wconf 57' lang='grc' dir='ltr'>ἓ</span> <span class='ocrx_word' id='word_1_284' title='bbox 182 3349 210 3399; x_wconf 91' lang='lat' dir='ltr'><strong>p.</strong></span> <span class='ocrx_word' id='word_1_285' title='bbox 226 3324 289 3401; x_wconf 82' lang='lat'>199]</span> <span class='ocrx_word' id='word_1_286' title='bbox 365 3321 644 3405; x_wconf 81' lang='lat' dir='ltr'><strong>....cioitatibus‚</strong></span> <span class='ocrx_word' id='word_1_287' title='bbox 671 3322 706 3385; x_wconf 89' lang='lat' dir='ltr'><strong>in</strong></span> <span class='ocrx_word' id='word_1_288' title='bbox 733 3321 850 3405; x_wconf 88' lang='lat' dir='ltr'><strong>quibus</strong></span> <span class='ocrx_word' id='word_1_289' title='bbox 879 3326 1034 3407; x_wconf 84' lang='lat' dir='ltr'><strong>expetunt</strong></span> <span class='ocrx_word' id='word_1_290' title='bbox 1061 3321 1192 3387; x_wconf 87' lang='lat' dir='ltr'><strong>leudem</strong></span> <span class='ocrx_word' id='word_1_291' title='bbox 1206 3341 1233 3381; x_wconf 83' lang='lat' dir='ltr'><strong>es</strong></span> 
     </span>
     <span class='ocr_line' id='line_1_37' title="bbox 183 3407 1275 3495; baseline 0.004 -23"><span class='ocrx_word' id='word_1_292' title='bbox 183 3407 310 3491; x_wconf 88' lang='lat' dir='ltr'><strong>optumi</strong></span> <span class='ocrx_word' id='word_1_293' title='bbox 327 3411 361 3471; x_wconf 89' lang='lat' dir='ltr'><strong>et</strong></span> <span class='ocrx_word' id='word_1_294' title='bbox 380 3407 485 3492; x_wconf 80' lang='lat' dir='ltr'><strong>decus,</strong></span> <span class='ocrx_word' id='word_1_295' title='bbox 507 3409 721 3495; x_wconf 87' lang='lat' dir='ltr'><strong>ignominiam</strong></span> <span class='ocrx_word' id='word_1_296' title='bbox 739 3409 871 3494; x_wconf 83' lang='lat' dir='ltr'><strong>fugiunt</strong></span> <span class='ocrx_word' id='word_1_297' title='bbox 889 3432 927 3474; x_wconf 89' lang='lat' dir='ltr'><strong>ac</strong></span> <span class='ocrx_word' id='word_1_298' title='bbox 945 3410 1091 3474; x_wconf 89' lang='lat' dir='ltr'><strong>dedecus.</strong></span> <span class='ocrx_word' id='word_1_299' title='bbox 1123 3409 1192 3476; x_wconf 90' lang='lat' dir='ltr'><strong>Nec</strong></span> <span class='ocrx_word' id='word_1_300' title='bbox 1274 3437 1275 3440; x_wconf 44' lang='lat'>¹</span> 
     </span>
     <span class='ocr_line' id='line_1_38' title="bbox 181 3499 1192 3580; baseline 0.007 -24"><span class='ocrx_word' id='word_1_301' title='bbox 181 3500 355 3559; x_wconf 73' lang='lat' dir='ltr'><strong>cerotem</strong></span> <span class='ocrx_word' id='word_1_302' title='bbox 383 3499 473 3558; x_wconf 87' lang='lat' dir='ltr'><strong>metu</strong></span> <span class='ocrx_word' id='word_1_303' title='bbox 500 3518 669 3580; x_wconf 83' lang='lat' dir='ltr'><strong>poenaque</strong></span> <span class='ocrx_word' id='word_1_304' title='bbox 691 3500 867 3580; x_wconf 82' lang='lat' dir='ltr'><strong>terrentur,</strong></span> <span class='ocrx_word' id='word_1_305' title='bbox 895 3519 977 3580; x_wconf 87' lang='lat' dir='ltr'><strong>quae</strong></span> <span class='ocrx_word' id='word_1_306' title='bbox 1001 3500 1051 3562; x_wconf 90' lang='lat' dir='ltr'><strong>est</strong></span> <span class='ocrx_word' id='word_1_307' title='bbox 1073 3499 1192 3564; x_wconf 88' lang='lat' dir='ltr'><strong>consti-</strong></span> 
     </span>
    </p>
   </div>
   <div class='ocr_carea' id='block_1_3' title="bbox 145 1618 167 1743">
    <p class='ocr_par' dir='ltr' id='par_1_3' title="bbox 145 1618 167 1743">
     <span class='ocr_line' id='line_1_39' title="bbox 145 1618 167 1743; baseline 0 0"><span class='ocrx_word' id='word_1_308' title='bbox 145 1618 167 1743; x_wconf 74' lang='lat' dir='ltr'><strong>l</strong></span> 
     </span>
    </p>
   </div>
   <div class='ocr_carea' id='block_1_4' title="bbox 0 0 1294 3874">
    <p class='ocr_par' dir='ltr' id='par_1_4' title="bbox 0 0 1294 3874">
     <span class='ocr_line' id='line_1_40' title="bbox 0 0 1294 3874; baseline 0 1"><span class='ocrx_word' id='word_1_309' title='bbox 0 0 1294 3874; x_wconf 95' lang='lat' dir='ltr'><strong> </strong></span> 
     </span>
    </p>
   </div>
  </div>
 </body>
</html>
