2580 3874
366 135 433 206 niss.
454 151 474 208 1.
495 150 570 206 cns.
592 158 688 209 o-11.
707 159 723 218 s
742 159 856 210 aa-aa
1074 155 1115 219 13

101 317 186 378 quae
209 317 250 360 ex
274 317 360 379 aqua
378 299 494 362 cuncta
511 297 659 383 fingeret.
696 295 731 362 Si
750 296 782 361 di
801 301 940 383 possunt
958 319 1028 364 esse
1047 299 1117 364 sine

101 405 202 448 sensu
231 387 265 448 et
293 387 417 468 mente,
443 407 500 450 cur
523 407 627 470 aquae
649 391 789 468 mmtem,
815 387 912 451 menti
938 392 1041 452 annm
1062 408 1118 452 cur

99 493 218 554 aquam
242 472 404 555 adiunxit,
431 472 460 537 si
482 472 555 557 ipsa
577 495 669 538 mens
692 477 842 540 constare
864 477 975 559 potest
997 497 1116 540 vacans

100 561 264 645 corpore?
301 559 537 625 Anaximandri
559 565 669 627 autem
692 561 803 648 opinio
826 565 877 628 est
898 563 1027 628 nativos
1047 585 1117 628 esse
1161 577 1166 588 ’

73 649 180 713 sdeos
208 648 319 734 longis
347 649 530 714 intervallis
558 649 693 716 orientis
718 650 970 735 occidentisque,
998 673 1117 736 eosque

99 736 354 802 innumerabilis
378 758 448 801 esse
471 738 617 804 mundos.
663 736 725 803 Sed
746 760 808 804 nos
832 738 927 805 deum
949 739 1012 804 nisi
1036 761 1118 804 sem-

99 825 270 909 piternum
292 825 483 911 intellegere
502 849 558 911 qu1
549 827 770 928 possumus?
801 824 883 892 Post
900 827 1118 893 Anaximenes
1137 840 1170 888 26

100 919 180 977 a'e‘ra
208 912 306 977 deum
335 914 466 998 statuit,
494 936 631 1016 eumque
658 915 752 1002 gigni
779 935 912 1016 esseque
935 915 1118 982 inmensum

100 1005 134 1066 et
165 1001 336 1066 infinitum
364 1005 397 1066 et
424 1024 550 1088 semper
576 1001 612 1069 in
638 1007 743 1086 motu,
773 1003 889 1155 quasi,⁵
891 1007 948 1069 aut
971 1010 1026 1070 adr
1049 1004 1119 1069 sine

8 1097 10 1104 ’
63 1109 87 1147 10
99 1090 173 1154 ulla
190 1088 301 1154 forma
320 1089 398 1154 deus
417 1112 487 1155 esse
506 1091 621 1176 possit,
640 1113 714 1156 cum
731 1091 924 1175 praesertim
944 1092 1039 1157 deum
1052 1115 1120 1158 non

100 1178 201 1243 modo
226 1177 348 1262 aliqua,
373 1177 429 1243 sed
451 1179 670 1264 pulcherrima
694 1179 800 1264 specie
823 1180 936 1245 deceat
959 1202 1038 1265 esse,
1063 1185 1120 1246 aut

99 1288 169 1332 non
184 1287 292 1350 omne,
307 1266 394 1351 quod
408 1271 516 1332 ortum
530 1267 583 1350 sit,
597 1268 783 1332 mortalitas
793 1272 1017 1352 consequatur.
1040 1269 1119 1334 Inde
1132 1271 1165 1334 l]

100 1354 340 1456 Anaxagoras,
370 1355 426 1439 qui
454 1356 578 1441 accepit
606 1356 647 1420 ab
675 1355 876 1420 Anaximene
904 1348 1119 1441 disciplinam,

101 1443 232 1526 primus
253 1443 399 1508 omnium
417 1465 527 1508 rerum
545 1443 789 1529 discriptionem
807 1448 840 1508 et
854 1445 987 1509 modum
1000 1445 1119 1510 mentis

64 1548 88 1590 15
100 1531 254 1595 mfimtae
282 1531 316 1596 vi
339 1553 377 1596 ac
399 1531 526 1596 ratione
550 1531 725 1617 dissignari
748 1535 781 1596 et
804 1532 917 1597 confici
940 1533 1095 1616 voluit3
1085 1556 1121 1597 ιιι

101 1640 168 1704 quo
198 1639 267 1682 non
294 1619 379 1684 vidit
404 1640 509 1704 neque
536 1623 663 1685 motum
691 1620 800 1684 sensui
821 1619 968 1686 iunctum
991 1624 1024 1684 et
1048 1643 1121 1686 con-

100 1707 267 1771 tinentem
294 1707 329 1771 in
356 1707 484 1773 infinito
516 1707 621 1772 ullum
644 1729 714 1773 esse
737 1729 833 1793 posse
861 1730 966 1792 neque
990 1730 1120 1774 sensum

101 1795 253 1878 omnine,
276 1816 340 1879 quo
364 1817 431 1860 non
451 1795 525 1880 ipsa
547 1800 666 1861 natura
687 1796 784 1881 pulsa
807 1796 951 1861 sentiret.
996 1795 1121 1861 Deinde

102 1883 133 1948 si
164 1886 310 1948 mentem
342 1883 442 1948 istam
471 1884 566 1968 quasi
597 1884 719 1949 animal
748 1883 880 1968 aliquod
907 1883 1013 1949 voluit
1041 1907 1119 1969 esse,

64 1992 88 2030 a
102 1972 167 2036 erit
197 1971 323 2056 aliquid
348 1971 499 2056 interiuS,
522 1993 562 2036 ex
585 1994 649 2056 quo
671 1972 754 2037 illud
777 1970 900 2037 animal
921 1973 1067 2037 nominet
1068 1996 1121 2056 ur3

103 2059 183 2145 quid
212 2063 324 2124 autem
350 2059 487 2124 interius
516 2060 646 2125 mente?
679 2060 830 2146 cingatur
855 2059 958 2211 igitur
986 2083 1120 2146 corpore

102 2151 250 2212 externo.
287 2145 381 2222 Quod
399 2148 556 2238 quoniam
572 2170 638 2214 nou
655 2147 772 2232 placet,
785 2152 885 2249 ,apert
886 2171 906 2212 a
920 2148 1121 2249 simplexque
1140 2162 1173 2209 ιι

102 2257 197 2336 mens
229 2237 325 2300 nulla
356 2257 391 2300 re
420 2215 584 2336 adiuncta,
618 2258 682 2320 qua
709 2240 781 2300 sent
782 2236 829 2300 ire
857 2236 976 2321 possit,
1007 2237 1121 2322 fugere

102 2324 353 2410 intellegentiae
375 2328 508 2389 nostrae
531 2324 598 2388 vim
622 2327 655 2388 et
676 2324 845 2389 notionem
867 2324 1004 2389 videtur.
1045 2323 1121 2390 Oro·

66 2429 90 2470 2⁵
103 2413 250 2477 toniates
275 2416 386 2477 autem
408 2411 575 2494 Alcmaeo,
599 2411 655 2496 qui
674 2412 737 2476 soli
756 2416 788 2476 et
806 2413 903 2477 lunae
922 2412 1121 2496 reliquisque

103 2499 268 2565 sideribus
297 2499 471 2584 animoque
497 2503 668 2585 praeterea
695 2499 900 2564 divinitatem
927 2499 1028 2583 dedit,
1055 2521 1122 2564 non

104 2589 210 2653 sensit
229 2609 301 2652 sese
316 2588 513 2653 mortalibus
527 2588 625 2653 rebus
638 2587 911 2653 inmortalitatem
926 2588 1011 2651 dare.
1034 2585 1122 2652 Nam

102 2675 329 2763 Pythagoras,
362 2675 419 2760 qui
450 2675 576 2742 censuit
593 2675 752 2740 animum
784 2697 854 2740 esse
886 2697 944 2760 per
970 2678 1122 2739 naturam

103 2787 214 2830 rerum
234 2786 370 2829 omnem-
383 2764 546 2829 intentum
566 2766 600 2827 et
613 2768 857 2847 commeantem,
877 2785 915 2826 ex
933 2783 997 2846 quo
1016 2763 1122 2827 nostri

66 2869 91 2910 ιι
104 2853 206 2918 animi
230 2855 457 2939 carperentur,
479 2873 547 2917 non
568 2851 650 2916 vidit
673 2851 883 2917 distractione
905 2849 1122 2915 humanorum

103 2941 292 3006 animorum
321 2940 461 3025 discerpi
489 2943 522 3004 et
549 2939 687 3004 lacerari
715 2939 871 3004 deumt
838 2942 883 3023 et,
911 2959 984 3002 cum
1011 2939 1122 3004 miseri

102 3029 207 3094 animi
225 3032 345 3112 essent,
370 3029 457 3113 quod
474 3027 639 3113 plerisque
657 3027 906 3112 contingeret,t
907 3048 963 3090 um
982 3026 1033 3091 dei
1050 3049 1123 3111 par·

101 3120 172 3182 tem
196 3138 269 3182 esse
293 3116 461 3200 miseram3
485 3117 572 3217 quod
594 3115 665 3180 fieri
687 3137 755 3180 non
773 3117 890 3199 potest.
868 3112 994 3179 tOur
1013 3119 1122 3179 autem
1141 3126 1174 3176 28

103 3206 281 3291 quicquam
312 3205 481 3290 ignoraret
511 3203 638 3269 animus
668 3202 823 3286 hominis,
856 3201 884 3266 si
911 3205 998 3267 esset
1020 3203 1122 3268 deus?

65 3308 89 3350 ⁸⁵
102 3316 167 3378 quo
192 3293 292 3358 modo
315 3313 415 3378 porro
439 3292 517 3357 deus
539 3292 612 3375 iste,
636 3291 665 3355 si
686 3290 769 3356 nihil
795 3294 881 3355 esset
903 3291 968 3354 nisi
986 3291 1122 3373 animus,

102 3386 160 3446 aut
183 3381 306 3446 infixus
330 3385 388 3446 aut
409 3379 538 3444 infusus
562 3379 680 3444 esset
670 3401 705 3442 ιιι
728 3370 870 3442 mundo?
912 3378 995 3443 Tum
1017 3378 1122 3443 Xeno·

101 3471 244 3555 phanes,
279 3469 337 3553 qui
368 3470 477 3533 mente
509 3467 662 3533 adiuncta
694 3488 789 3532 omne
820 3489 898 3552 prae
900 3470 1002 3550 terea,
1037 3466 1122 3551 quod
