2578 3874
386 145 453 200 ΜΒ.
472 147 493 200 1.
517 145 594 202 CAP.
615 153 728 200 re-rs.
751 152 898 212 §ar-42.
1083 147 1148 209 395

136 289 355 392 eonnqientiae
382 289 569 374 fraudisque
596 289 749 355 cruciatu.
790 287 912 366 Quodsi
933 289 1082 354 homines
1105 289 1148 353 ab

137 377 1148 566 height?thtltrtll‘tttttlsslhtstulte

109 552 1078 707 ⁶letthttittrtthttlhttrdtthht
1091 557 1149 707 il

138 730 220 794 loris
239 751 369 795 eausam
389 730 533 814 aliquam
547 731 684 816 fingeret
699 730 980 813 defensionemque
993 728 1148 795 facinoris

139 840 160 882 a
188 821 324 884 naturae
351 819 421 884 iure
448 818 558 903 aliquo
586 822 765 902 quaereret.
810 816 899 895 Quae
927 818 955 882 si
982 817 1148 903 appellare

139 906 259 971 audent
288 906 393 991 impii,
424 928 487 990 quo
517 907 649 974 tandem
678 907 786 971 studio
814 907 962 972 eolentur
989 929 1009 970 e
1031 905 1148 971 bonis?

139 993 262 1070 Quodsi
284 1016 402 1080 poena,
427 995 456 1058 si
479 999 585 1060 metus
608 995 773 1081 supplicii,
794 1017 863 1060 non
884 995 957 1080 ipsa
979 993 1148 1079 turpitudo

97 1097 125 1140 ιο
140 1083 282 1148 deterret
304 1082 345 1147 ab
368 1083 525 1148 iniurioso
544 1082 789 1168 facinerosaque
811 1083 890 1167 vita,
911 1104 1006 1147 nemo
1030 1086 1081 1147 est
1102 1082 1149 1147 in·

138 1171 258 1256 iustus,
286 1175 343 1236 aut
365 1171 489 1236 incauti
510 1172 620 1256 potius
643 1171 785 1236 habendi
807 1175 884 1236 sunt
906 1171 1049 1257 inprobi3
1076 1174 1147 1234 turn
1166 1183 1199 1232 41

138 1263 263 1344 autem,
290 1260 346 1344 qui
372 1282 439 1325 non
461 1259 533 1345 ipso
556 1260 695 1326 honesto
718 1281 899 1343 movemur,
926 1259 1065 1324 utboni
1087 1258 1151 1323 viri

139 1348 250 1432 simus,
273 1348 330 1413 sed
351 1348 496 1413 utilitate
515 1348 626 1432 eliqua
644 1352 742 1432 atque
759 1347 877 1432 fructu,
900 1347 1010 1412 callidi
1029 1369 1150 1432 sumus,

138 1458 206 1502 non
231 1436 323 1521 boni,
353 1459 431 1502 nam
458 1435 537 1521 quid
558 1436 657 1502 faciet
678 1437 707 1501 is
730 1436 828 1501 homo
851 1436 1065 1520 intenebris,
1095 1435 1150 1519 qui

97 1541 125 1582 1⁵
138 1525 223 1589 nihil
249 1524 345 1590 timet
371 1525 436 1589 nisi
462 1527 582 1590 testem
609 1529 642 1590 et
668 1524 827 1589 iudieem‘?
860 1524 936 1608 quid
964 1525 999 1588 in
1021 1525 1150 1589 deserto

140 1635 204 1697 qno
236 1614 307 1678 loeo
337 1616 467 1696 nactus,
499 1634 595 1696 quem
627 1614 731 1678 multo
759 1634 838 1678 auro
866 1612 1008 1698 spoliare
1034 1612 1150 1697 possit,

139 1701 329 1766 inbecillum
355 1704 453 1785 atque
480 1701 609 1766 solum?
645 1699 767 1765 Noster
795 1699 925 1785 quidem
951 1700 1005 1765 hio
1032 1704 1150 1765 natura

139 1789 245 1853 iustus
275 1789 327 1854 vir
358 1811 396 1854 ao
425 1788 530 1854 bonus
558 1789 658 1854 etiam
686 1789 912 1873 conloquetur,
943 1789 1084 1872 iuvabit,
1115 1788 1151 1853 in

139 1877 227 1943 viam
251 1877 398 1961 dedueet3
423 1877 453 1942 is
476 1899 562 1961 vero,
589 1877 645 1960 qui
666 1876 750 1940 nihil
774 1876 908 1941 alterius
931 1898 1030 1942 eausa
1051 1876 1151 1942 faciet

98 1982 127 2022 20
141 1969 175 2030 et
197 1966 350 2030 metietur
372 1964 440 2030 suis
458 1965 637 2031 commodis
656 1965 773 2047 omnia,
795 1965 922 2049 videtis,
945 1967 1050 2049 oredo,
1073 1965 1151 2050 quid

141 2054 186 2118 sit
213 2057 358 2138 aeturus3
386 2053 502 2137 quodsi
527 2053 664 2139 negabit
691 2074 726 2118 se
753 2053 804 2117 illi
833 2053 937 2118 vitam
964 2057 1150 2139 erepturum

142 2146 176 2208 et
203 2164 317 2207 aurum
343 2142 544 2225 ablaturum,
570 2163 749 2226 numquam
776 2141 818 2206 ob
849 2163 921 2206 eam
944 2163 1076 2207 eausam
1098 2164 1151 2206 ne-

142 2231 248 2316 gabit,
281 2230 367 2314 quod
398 2231 432 2294 id
463 2233 582 2295 natura
607 2234 703 2314 turpe
724 2229 858 2315 iudioet,
890 2230 946 2294 sed
974 2231 1060 2313 quod
1088 2251 1151 2294 me

141 2323 228 2402 tuat,
258 2340 300 2384 ne
327 2322 468 2402 emanet,
498 2317 532 2381 id
559 2321 609 2382 est
635 2340 676 2383 ne
702 2319 827 2383 malum
853 2317 983 2382 habeat.
1028 2317 1056 2382 Ο
1081 2339 1152 2383 rem

99 2424 128 2464 2⁵
143 2407 289 2494 dignam,
316 2406 351 2471 in
377 2429 442 2492 qua
464 2427 531 2471 non
553 2406 650 2471 modo
674 2405 774 2490 docti,
801 2405 859 2470 sed
881 2405 981 2470 etiam
1004 2409 1151 2491 agrestes

143 2496 347 2560 erubescant!
958 2505 960 2510 ’

207 2582 279 2648 lam
315 2603 392 2649 vero
426 2582 509 2648 illud
540 2583 788 2667 stultissimum,
824 2582 1010 2648 existimare
1042 2551 1205 2678 emal-l}

141 2672 229 2737 iusta
251 2692 331 2755 esse,
354 2693 436 2756 quae
460 2671 524 2736 sita
547 2671 613 2736 sint
635 2672 671 2736 in
692 2671 888 2757 populorum
910 2670 1071 2736 institutis
1095 2675 1152 2736 aut

142 2761 280 2846 legibus.
320 2759 481 2843 Etiamne,
505 2759 534 2824 si
556 2782 639 2844 quae
661 2760 752 2846 leges
776 2759 843 2824 sint
864 2759 1100 2844 tyrannorum?
1124 2759 1153 2824 si

99 2848 281 2934 aotriginta
302 2848 354 2913 illi
375 2848 515 2914 Athenis
538 2849 628 2933 leges
650 2849 805 2933 inponere
827 2848 1021 2932 voluissent,
1044 2851 1101 2912 aut
1124 2848 1153 2912 si

143 2958 254 3001 omnes
286 2935 502 3001 Athenienses
535 2937 772 3004 delectarentur
803 2935 982 3020 tyrannicis
1014 2936 1152 3022 legibus,

141 3047 220 3089 num
256 3025 373 3090 ideireo
411 3047 467 3090 eae
503 3025 595 3111 leges
626 3025 732 3090 iustae
763 3025 983 3090 haberentur?
1028 3023 1152 3110 Nihilo,

142 3113 250 3198 eredo,
272 3113 378 3198 magis
401 3112 473 3197 illa,
497 3135 594 3197 quam
616 3113 759 3179 interrex
781 3116 893 3178 noster
915 3113 1006 3197 tulit,
1028 3116 1067 3177 ut
1090 3114 1153 3178 die·
1182 3133 1184 3141 ’

141 3204 244 3286 tator,
277 3223 373 3285 quem
401 3201 503 3267 vellet
534 3202 667 3287 civium,
697 3203 910 3267 iadenuotam
941 3203 999 3267 ant
1029 3200 1153 3267 indicta

100 3305 129 3346 ⁸5
142 3311 240 3356 eausa
269 3290 389 3375 inpune
417 3294 530 3374 posset
560 3291 711 3356 occidere.
755 3289 818 3356 Est
847 3291 933 3356 enim
962 3312 1063 3354 unum
1092 3291 1153 3373 ius,

143 3399 206 3462 quo
230 3377 379 3444 devinota
402 3382 452 3442 est
474 3379 643 3444 hominum
668 3379 816 3463 societas,
838 3383 872 3445 et
895 3378 981 3464 qnod
1004 3379 1056 3443 lex
1079 3399 1152 3443 eon-

142 3465 252 3532 stituit
274 3489 352 3552 una3
376 3489 457 3551 quae
480 3467 533 3532 lex
556 3470 607 3532 est
629 3471 719 3533 reeta
741 3467 826 3534 ratio
849 3466 1030 3554 imperandi
1054 3470 1152 3551 atque
