2528 3880
342 178 410 233 LIB.
429 179 477 234 111.
498 178 575 233 oAP.
596 185 673 235 1-4.
693 185 708 245 ς
729 184 806 233 ι-ι.
1012 177 1080 242 333

64 324 125 386 aut
147 323 334 408 excogitare
356 327 541 410 potuerunt.
588 322 694 398 Quare
717 323 785 387 sint
807 322 902 387 nobis
925 321 995 405 isti,
1025 320 1082 406 qui

65 410 107 474 de
128 412 258 475 ratione
280 412 410 477 vivendi
433 412 605 496 disserunt,
628 412 740 495 magni
759 411 917 494 homines,
939 414 977 474 ut
996 412 1082 492 sunt,

65 498 133 562 sint
161 499 293 583 eruditi,
321 500 389 564 sint
415 500 565 565 veritatis
593 503 626 564 et
657 499 789 565 virtutis
813 499 976 584 magistri,
1005 498 1081 561 dum

64 587 162 651 modo
187 587 232 651 sit
255 587 335 653 haee
361 588 529 672 quaedam,
553 589 621 652 sive
644 610 664 652 a
686 587 766 652 viris
788 587 824 651 in
845 609 953 651 rerum
975 585 1082 672 publi·

37 693 180 740 searum
207 677 368 741 varietate
394 677 535 742 versatis
562 677 697 742 inventa
725 676 793 741 sive
821 675 921 741 etiam
947 675 983 739 in
1003 675 1082 739 isto·

63 785 139 827 rum
167 763 236 829 otio
260 787 299 830 ao
321 764 442 829 litteris
464 768 608 829 tractata
630 787 696 847 res,
724 764 809 828 siout
831 767 894 846 est,
922 762 1056 827 minime
1076 758 1081 849 Ι

65 851 198 935 quidem
222 853 467 937 eontemnenda,
490 854 575 917 ratio
599 852 704 918 civilis
727 855 761 917 et
780 851 952 936 disciplina
969 853 1013 933 [p.
1029 866 1082 917 208

63 940 277 1025 populorum,
305 963 387 1026 quae
414 941 542 1026 perficit
569 941 604 1004 in
630 941 725 1005 bonis
753 940 907 1026 ingeniis,
934 939 969 1004 id
995 939 1083 1023 quod

64 1027 133 1092 iarn
158 1050 317 1115 persaepe
340 1029 490 1114 perfecit,
517 1032 555 1093 ut
577 1029 777 1094 incredibilis
801 1029 960 1113 quaedam
982 1031 1015 1092 et
1038 1026 1084 1092 di·

25 1135 51 1176 ιο
63 1115 143 1180 vina
165 1117 273 1182 virtus
296 1119 475 1183 exsisteret.
512 1116 635 1192 Quodsi
658 1117 730 1201 quis
750 1118 792 1182 ad
810 1139 848 1182 ea
865 1117 1118 1182 instrumentat

65 1204 177 1288 animi,
202 1227 286 1289 quae
305 1211 426 1270 natura
446 1227 591 1290 quaeque
609 1205 758 1270 civilibus
775 1205 939 1269 institutis
957 1205 1083 1289 habuit,

65 1292 307 1445 adiungendam
327 1294 441 1359 sibit
409 1298 441 1358 et
443 1294 510 1358 iarn
529 1293 631 1359 doet
604 1315 711 1358 rmum
729 1298 763 1358 et
776 1294 960 1359 uberiorem
974 1255 1084 1358 reruni

65 1382 180 1467 cognit
180 1381 290 1447 ionem
308 1383 447 1468 putavit,
470 1382 548 1446 ut
526 1405 550 1446 11
568 1383 641 1466 ipsi,
660 1382 716 1466 qui
734 1382 769 1446 in
786 1381 904 1448 horum
923 1381 1083 1447 librorum

64 1469 289 1554 disputatione
307 1475 489 1555 versantur,
501 1493 597 1534 nemo
613 1473 663 1534 est
663 1470 766 1554 ,quin
779 1492 835 1535 eos
850 1467 854 1557 Ι
871 1474 959 1535 ante
977 1473 1019 1553 [p.
1030 1486 1082 1535 201

26 1557 151 1623 referre
180 1559 332 1624 omnibus
361 1560 485 1624 debeat.
462 1557 616 1633 tQuid
643 1559 729 1623 enim
756 1562 868 1645 potest
895 1580 966 1624 esse
992 1581 1083 1645 prae

64 1645 201 1730 elarius,
230 1669 329 1730 quam
357 1670 430 1714 eum
458 1669 567 1712 rerum
590 1668 784 1732 magnarum
806 1647 961 1712 tractatio
985 1652 1084 1732 atque

63 1755 144 1834 usus
176 1757 251 1800 oum
280 1736 412 1800 illarum
442 1736 621 1801 artiumst
607 1735 706 1799 tudiis
734 1739 768 1799 et
795 1735 981 1820 cognitione
1011 1757 1084 1801 oon-

62 1821 782 1998 ffiblrlessltlttlrdlltbetl,
795 1821 836 1975 l,
850 1821 1084 1996 l'ulllatll

26 2016 51 2056 ιο
64 1999 252 2084 mitterent,
282 2000 369 2084 quod
399 2001 441 2066 ad
468 2021 629 2064 summam
656 1999 786 2064 laudem
813 2000 977 2065 clarorum
1000 2001 1084 2066 viro

63 2109 139 2152 rum
170 2089 364 2174 pertineret,
394 2089 435 2153 ad
465 2089 679 2153 domesticum
706 2087 931 2172 maiorumque
959 2111 1083 2154 morem

63 2177 168 2241 etiam
196 2176 282 2242 hano
309 2200 329 2242 a
352 2175 487 2242 Socrate
514 2176 732 2241 adventiciam
755 2173 945 2262 doeltrinam
969 2179 1010 2259 [p.
1031 2194 1083 2243 202

63 2265 297 2330 adhibuerunt.
333 2264 440 2340 Quare
464 2264 520 2349 qui
541 2267 715 2348 utrumque
734 2264 840 2329 voluit
859 2269 892 2328 et
908 2266 1027 2349 potuit,
1049 2265 1084 2330 id
1102 2283 1119 2330 o

62 2356 116 2418 est
145 2355 185 2417 ut
211 2374 286 2418 oum
314 2353 476 2418 maiorum
502 2353 678 2436 institutis,
705 2356 776 2416 tum
804 2352 952 2417 doctrina
980 2375 1014 2418 so
1037 2355 1084 2417 in-

27 2444 225 2525 astrueret,
259 2441 301 2506 ad
332 2441 461 2506 laudem
493 2441 579 2505 huno
611 2441 721 2504 omnia
753 2443 961 2504 consecutum
993 2445 1083 2526 puto.

63 2526 124 2594 Sin
153 2530 261 2594 altera
288 2533 339 2594 est
362 2533 438 2594 utra
461 2529 515 2593 via
537 2527 727 2614 prudentiae
752 2526 937 2613 deligenda,
963 2532 1083 2613 tamen,

63 2617 199 2683 etiamsi
222 2617 274 2683 eni
291 2617 455 2682 videbitur
472 2617 533 2682 illa
550 2618 585 2680 in
607 2616 740 2700 optimis
765 2616 880 2680 studiis
904 2619 938 2680 et
956 2617 1083 2682 artibus

64 2707 179 2790 quieta
201 2705 291 2771 vitae
313 2707 399 2770 ratio
423 2705 559 2789 beatior,
582 2704 662 2769 haee
685 2703 790 2769 civilis
814 2703 1010 2770 laudabilior
1033 2709 1084 2770 est

64 2799 153 2860 oerte
178 2797 213 2858 et
235 2794 415 2877 inlustrior,
438 2815 477 2858 ox
496 2815 561 2878 qua
581 2793 651 2858 vita
674 2793 721 2857 sie
744 2791 863 2856 summi
885 2791 949 2856 viri
969 2814 1084 2857 ornan-

27 2897 51 2939 20
64 2886 129 2966 tur,
152 2886 193 2947 ut
215 2882 270 2947 vel
292 2881 349 2947 M'.
372 2880 498 2964 Curius,

109 2970 231 3048 Quem
257 2991 367 3035 nemo
394 2969 500 3034 ferro
523 2968 655 3054 potuit
677 2967 862 3052 superare
885 2989 954 3033 neo
977 2991 1084 3054 auro,

64 3061 134 3126 vel.
149 3108 158 3126 .
173 3109 204 3126 ..

270 3199 469 3282 [Desr'rterori
489 3200 631 3264 videnter
646 3199 785 3281 popinae
805 3199 881 3279 sea]

138 3372 170 3391 ..
209 3322 327 3388 .fuisse
350 3321 555 3409 sapientiam,
577 3325 688 3386 tamen
710 3322 773 3386 boo
790 3321 826 3386 in
843 3321 971 3387 ratione
990 3324 1031 3403 [p.
1047 3339 1081 3388 23
1101 3303 1122 3365 4

62 3411 237 3496 utriusque
260 3411 390 3497 generis
412 3409 571 3493 interfuit,
594 3410 680 3493 quod
702 3409 753 3474 illi
775 3410 884 3474 verbis
904 3413 937 3474 et
955 3411 1081 3476 artibus
1101 3381 1115 3428 ⁷

26 3515 51 3559 ³⁵
64 3502 219 3568 aluerunt
241 3503 379 3564 naturae
396 3498 566 3584 principia,
588 3498 624 3561 bi
643 3501 751 3562 autem
769 3497 931 3564 institutis
952 3502 984 3563 et
1002 3500 1081 3583 legi·
