2578 3874
190 141 256 205 342
546 141 596 195 Du
613 141 662 196 RE
680 140 836 197 PUBLIOA

190 286 245 369 qui
263 286 307 350 sit
325 285 597 370 improbissimus,
616 285 780 350 existimet
798 306 868 350 casa
887 307 1014 350 summa
1031 283 1202 370 probitate

189 396 226 440 aa
244 373 315 459 fide,
333 395 457 459 proque
475 374 536 439 hac
558 374 708 458 opinione
727 373 871 438 omnium
889 372 1009 438 civium
1022 372 1131 437 bonus
1145 371 1201 434 ille

188 463 238 528 uir
265 465 411 545 vexetur,
445 462 606 547 rapiatur,
637 482 752 526 manus
779 461 809 525 ei
838 461 973 545 denique
1000 459 1202 542 adferantur,

187 551 383 616 effodiantur
400 549 494 632 oculi,
513 549 692 633 damnetur,
710 550 880 634 vinciatur,
898 553 1020 634 uratur,
1039 544 1201 632 extermil·

186 641 268 720 p.11]
284 643 389 723 netur,
408 640 512 723 egeat,
530 640 696 722 postremo
710 638 779 702 iure
794 639 892 703 etiam
907 637 1031 722 optimo
1045 636 1223 702 omnibuis

187 727 388 792 miserrimus
411 747 482 790 esse
504 725 661 809 videatur,
684 729 798 792 contra
821 729 930 792 autem
951 725 1008 790 ille
1028 725 1201 810 improbus

187 816 346 899 laudetur,
364 813 500 898 colatur,
519 813 560 878 ab
580 814 730 879 omnibus
750 815 915 901 diligatur,
933 835 1045 880 omnes
1064 813 1107 877 ud
1127 835 1201 877 eum

186 902 339 987 honores,
367 901 477 967 amnia
502 902 652 987 imperia,
675 925 786 968 omnes
811 925 897 988 opes,
921 923 1033 968 omnes
1055 901 1201 985 undique
1262 907 1263 914 ’

187 992 300 1076 copiae
318 989 535 1073 conferantur,
553 990 605 1056 vir
621 991 757 1075 denique
772 992 915 1077 optimus
930 990 1074 1056 omnium
1089 989 1201 1053 existi-

187 1079 330 1144 matione
353 1081 387 1142 et
416 1075 626 1165 dignissimus
657 1079 746 1145 omni
774 1079 909 1145 fortuna
935 1079 1060 1164 optima
1082 1077 1202 1142 iudice
1214 1095 1233 1132 1⁰
1264 1141 1265 1144 ,

186 1171 250 1252 tur,
274 1166 346 1251 quia
368 1165 500 1232 tandem
523 1167 586 1231 crit
608 1169 677 1233 tam
697 1168 837 1252 demens,
860 1168 916 1253 qui
935 1167 1070 1250 dubitet,
1090 1169 1201 1231 utrum

189 1277 225 1320 sc
248 1276 319 1320 esse
344 1255 461 1320 malit?
1265 1268 1266 1282 ¹

137 1323 178 1450 ¹38
255 1340 348 1418 Quod
374 1343 410 1406 in
436 1343 587 1429 singulis,
615 1344 701 1409 idem
727 1348 778 1409 est
804 1344 839 1409 in
861 1343 1005 1429 populis:
1033 1342 1128 1407 nulla
1152 1344 1202 1406 est

187 1460 216 1512 p.
235 1433 283 1512 12]
306 1435 375 1496 tam
403 1431 506 1496 stulta
528 1432 657 1516 civitas,
677 1432 682 1517 Ι
703 1455 785 1516 quae
807 1455 873 1498 non
896 1433 1015 1497 iniuste
1037 1432 1201 1516 imperare

188 1520 283 1584 malit
312 1541 410 1604 quam
440 1520 560 1585 servire
590 1521 683 1585 iuste.
729 1519 798 1586 Nec
826 1543 903 1586 vero
932 1519 1061 1606 longius
1091 1519 1200 1584 abibo.
1213 1536 1233 1575 1⁵

189 1605 311 1673 Consul
334 1628 395 1693 ego
419 1608 573 1693 quaesivi,
597 1631 669 1674 cum
689 1631 747 1674 vos
767 1609 847 1673 mihi
866 1609 981 1674 essetis
999 1608 1034 1672 in
1052 1607 1201 1691 consilio,

188 1697 227 1761 de
249 1694 451 1761 Numantino
474 1696 611 1762 foedere.
648 1695 727 1772 Quis
750 1697 924 1783 ignorabat
948 1694 984 1771 Q.
1006 1694 1200 1779 Pompeium

186 1784 303 1849 fecisse
324 1783 447 1870 foedus,
471 1785 582 1849 eadem
605 1785 641 1848 in
663 1807 760 1850 causa
782 1806 852 1849 esse
873 1784 1082 1850 Mancinum?
1106 1784 1200 1866 altar,

187 1872 238 1936 vir
266 1871 423 1956 optimus,
451 1873 550 1937 eliam
575 1873 678 1938 suasit
701 1873 906 1959 rogationem
929 1895 979 1937 mc
1003 1893 1042 1936 cx
1065 1875 1200 1936 senatus

188 1960 336 2026 consulto
363 1959 500 2044 ferente,
530 1960 614 2025 alter
642 1962 796 2026 acerrime
825 1983 859 2026 se
887 1960 1037 2025 defendit.
1084 1957 1120 2023 Si
1143 1976 1233 2045 pun

189 2048 248 2113 dar
271 2047 446 2132 quaeritur,
470 2049 498 2113 si
520 2049 678 2134 probitas,
701 2050 729 2114 si
752 2050 841 2133 fides,
864 2048 1032 2114 Mancinus
1051 2047 1137 2112 haec
1153 2051 1201 2113 ab

187 2136 275 2290 gilii,
298 2135 327 2199 si
344 2135 439 2220 ratio,
459 2137 640 2222 consilium,
658 2138 839 2223 prudentia,
856 2136 1031 2222 Pompeius
1050 2136 1200 2200 antistat.

220 2228 324 2289 trum.
339 2273 346 2288 .
360 2273 391 2290 ..

468 2364 611 2448 [Aliquot
630 2368 740 2432 dauni
754 2368 914 2450 papiana]

135 2461 178 2588 ἐξ
257 2489 338 2554 ram
360 2490 481 2555 amau
502 2491 712 2555 amalarius
733 2491 777 2556 aa
792 2483 926 2573 paru
947 2488 1083 2554 vaula
1104 2487 1199 2570 (aar.

188 2578 322 2661 neades).
362 2577 474 2642 Bonus
495 2579 552 2656 nir,
574 2579 689 2659 iuquit,
711 2579 740 2643 si
762 2577 871 2642 babeat
891 2597 1011 2644 servum
1030 2577 1199 2659 supitiuum
1211 2593 1234 2632 n

188 2667 234 2731 ael
261 2668 386 2730 domium
414 2665 602 2730 insalubrem
630 2686 668 2730 ac
687 2667 890 2748 pestilentem,
916 2685 995 2748 pirae
1015 2665 1093 2730 vitia
1115 2665 1199 2730 salus

189 2755 267 2820 sciat
289 2759 318 2817 et
338 2754 404 2819 ideo
423 2753 609 2834 proscribat,
636 2755 816 2837 albenici,
842 2757 986 2818 utrumne
1000 2752 1198 2837 profitebitur

186 2843 352 2925 supitivum
379 2862 500 2906 sernum
526 2842 573 2905 rel
593 2842 782 2923 pestilentem
808 2842 934 2906 dcmrm
955 2862 986 2907 se
1007 2841 1133 2905 vendere
1155 2861 1198 2905 an

188 2931 296 2996 celabit
321 2928 506 3012 emptorem?
543 2927 581 2993 Si
600 2929 807 3011 profitebitur,
834 2928 930 2995 bouus
956 2929 1090 3011 quidem,
1123 2929 1197 3010 para

188 3037 251 3083 nm
271 3018 367 3096 fallet,
389 3019 443 3082 secl
464 3023 565 3081 tamen
587 3018 699 3082 stultus
720 3017 916 3096 indicabitur,
938 3019 1013 3099 puin
1034 3017 1080 3081 ael
1096 3036 1196 3105 paruo
1210 3034 1234 3072 n

188 3106 293 3170 vendet
318 3105 364 3170 ael
386 3107 511 3170 omnino
533 3125 597 3170 non
618 3105 739 3181 vendet·
765 3106 795 3170 si
817 3106 968 3184 celaverit,
995 3105 1055 3170 erit
1075 3105 1195 3186 pridem

189 3193 325 3274 sapiens,
352 3195 427 3274 quia
449 3194 496 3257 rei
517 3193 661 3272 consulet,
687 3193 741 3258 sed
761 3193 841 3258 idem
862 3193 977 3272 malus,
1004 3193 1080 3275 quia
1099 3192 1195 3272 fallet.

189 3279 313 3345 Raram
341 3281 370 3345 si
397 3283 532 3364 reperiat
557 3281 705 3363 aliarum
733 3281 788 3362 qui
815 3281 1026 3346 aurichalcum
1054 3299 1086 3344 se
1109 3284 1195 3361 putet

189 3368 327 3445 uendere,
355 3387 425 3432 eam
450 3370 494 3434 sit
518 3370 598 3434 illud
623 3388 752 3446 aurum,
780 3374 837 3433 ant
856 3369 1032 3450 plumbum,
1062 3387 1132 3430 eum
1155 3368 1196 3432 sit

190 3459 362 3536 arpentum,
386 3456 542 3536 tacebitrre,
564 3457 656 3532 ulid
670 3475 770 3537 paruo
792 3461 885 3535 errat,
908 3476 952 3520 aa
973 3455 1134 3533 indicabit,
1160 3459 1230 3518 ates
