2610 3894
195 164 238 228 62
506 162 555 217 DE
572 162 726 217 NATURA
743 162 899 218 DEORUM

194 311 400 393 moveantur3
424 329 506 394 quae
529 307 616 372 enim
638 310 748 393 potest
767 308 872 373 maior
890 310 983 375 esse?
1010 309 1130 375 Restat
1149 310 1209 397 igi-

193 411 261 476 tur,
293 401 331 462 ut
361 400 470 462 motus
503 399 667 462 astrorum
699 397 744 460 sit
771 397 987 462 voluntarius.
1032 396 1123 474 Quae
1153 399 1209 482 qui

116 503 120 511 ’
196 486 312 570 videat,
333 506 401 550 non
422 485 552 550 indocte
575 484 691 568 solum,
713 507 827 550 verum
850 485 950 550 etiam
972 486 1073 572 impie
1095 486 1208 571 faciat,

195 575 224 639 si
246 574 324 640 deos
348 595 418 639 esse
440 577 548 659 neget.
583 572 653 638 Neo
671 595 749 637 sane
767 573 909 638 multum
925 574 1072 659 interest,
1096 579 1209 639 utrum

193 663 229 727 id
250 666 349 748 neget
372 684 414 726 an
437 682 492 727 cos
516 662 605 727 omni
627 661 855 746 procuratione
878 665 977 746 atque
996 663 1124 728 actione
1143 664 1209 748 pri·
1236 684 1247 723 e

131 793 132 801 κ
194 754 263 836 vet,
290 750 373 815 mihi
395 751 496 832 enim,
524 750 580 834 qui
602 749 685 813 nihil
709 750 793 836 agit,
823 771 894 814 esse
917 751 1049 816 omnino
1071 773 1141 818 non
1163 752 1209 818 vi-

194 840 298 904 detur.
343 838 425 903 Esse
454 838 558 924 igitur
586 837 663 902 deos
690 838 740 902 ita
767 839 976 924 perspicuum
998 842 1064 924 est,
1092 843 1145 925 ut,
1175 840 1210 904 id

144 978 182 1042 l,
195 928 251 1012 qui
272 930 381 1013 neget,
403 926 458 992 vix
481 947 676 1026 cumsanae
698 927 817 991 mentis
840 927 1033 1028 existimem,

142 1056 176 1106 45
261 1015 387 1098 Restat,
409 1018 456 1099 ut,
480 1015 586 1098 qualis
605 1035 718 1079 eorum
737 1018 857 1079 natura
875 1018 929 1100 sit,
952 1015 1211 1102 consideremus3

194 1105 230 1169 in
257 1126 321 1188 quo
343 1103 428 1168 nihil
452 1107 503 1167 est
526 1101 689 1167 difficilius
713 1124 813 1187 quam
835 1125 856 1167 a
878 1104 1111 1169 consuetudine
1135 1127 1210 1170 ocu·
1224 1125 1247 1163 ιο

195 1193 303 1256 lorum
328 1192 432 1258 aciem
453 1191 572 1256 mentis
596 1191 762 1256 abducere.
807 1190 859 1256 Ila
880 1191 1057 1258 difficultas
1080 1193 1211 1258 induxit

195 1285 230 1346 et
250 1281 351 1366 vulgo
374 1280 533 1364 inperitos
552 1283 587 1344 et
604 1279 727 1344 similes
745 1279 961 1366 philosophos
980 1281 1211 1368 inperitorum,

197 1373 232 1434 ut
258 1369 324 1433 nisi
350 1368 465 1454 figuris
492 1367 663 1432 hominum
691 1368 879 1433 constitutis
902 1368 986 1434 nihil
1008 1374 1146 1454 possent
1171 1371 1211 1436 de

195 1458 245 1522 dis
267 1456 499 1522 inmortalibus
522 1456 681 1543 cogitare3
704 1457 794 1522 cuius
814 1457 976 1541 opinionis
995 1457 1115 1523 levitas
1135 1481 1211 1525 con-

194 1546 304 1612 futate
331 1568 352 1610 a
374 1543 473 1610 Ootta
498 1566 566 1610 non
592 1544 756 1610 desiderat
778 1545 961 1610 orationem
982 1568 1098 1612 meam.
1146 1545 1211 1612 Sed
1225 1563 1246 1604 1⁵

196 1657 270 1700 cum
298 1634 401 1700 talem
430 1655 502 1699 esse
531 1632 627 1698 deum
656 1636 746 1698 certa
771 1633 905 1698 notione
933 1634 1034 1704 animi
1055 1658 1210 1720 praesen-

195 1723 330 1807 tiamus,
360 1721 503 1807 primum
532 1724 571 1786 ut
597 1721 642 1786 sit
669 1722 830 1807 animam,
863 1721 977 1788 deinde
1000 1723 1097 1789 utin
1119 1726 1212 1791 omni

194 1816 314 1876 natura
337 1809 421 1875 nihil
444 1831 483 1876 eo
507 1810 551 1874 sit
572 1810 808 1895 praestantius,
835 1811 877 1876 ad
899 1810 984 1876 hano
1005 1807 1223 1897 praesensio?

194 1921 270 1966 nem
298 1899 529 1983 notionemque
558 1901 707 1963 nostram
735 1899 818 1963 nihil
844 1898 940 1965 video
983 1900 1070 1984 quod
1096 1902 1209 1986 potius

196 1986 445 2073 accommodem,
469 2008 567 2071 quam
588 1990 626 2050 ut
648 1987 792 2071 primunr
809 1987 895 2052 hunc
912 1987 1023 2072 ipsum
1040 1990 1209 2074 mundum,
1223 2006 1245 2045 20

196 2098 260 2160 quo
282 2076 366 2141 nihil
389 2075 600 2141 excellentius
622 2075 694 2140 fieri
715 2078 834 2160 potest,
858 2075 1058 2142 animantem
1081 2099 1155 2144 esse
1176 2083 1211 2144 et

143 2176 176 2225 lo
196 2165 292 2230 deum
327 2163 474 2229 iudicem.
527 2163 591 2229 Hic
629 2185 726 2248 quam
757 2163 847 2230 volet
877 2162 1039 2248 Epicurus
1071 2165 1211 2252 iocetur,

195 2253 294 2318 homo
324 2274 391 2317 non
418 2251 608 2338 aptissimus
636 2252 678 2317 ad
703 2252 876 2319 iocandum
903 2253 1102 2338 minimeque
1129 2256 1210 2320 resi-

195 2343 287 2428 piens
309 2340 461 2427 patriam,
484 2344 518 2406 et
540 2340 628 2406 dicat
648 2362 684 2405 se
706 2362 773 2406 non
789 2361 887 2426 posse
904 2340 1107 2429 intellegere,
1131 2366 1210 2430 qua

194 2430 237 2496 lis
261 2430 306 2495 sit
326 2429 482 2496 volubilis
501 2432 534 2494 et
551 2429 710 2494 rotundus
731 2429 819 2514 deus,
837 2432 948 2494 tamen
966 2451 1006 2495 ex
1023 2430 1096 2516 hoc,
1120 2433 1210 2516 quod
1223 2444 1244 2486 2⁵

196 2519 295 2585 etiam
326 2517 397 2602 ipse
428 2518 560 2604 probat,
591 2539 770 2602 numquam
801 2539 853 2582 me
885 2517 1039 2584 movebit.
1092 2517 1210 2587 Placet

196 2608 282 2674 enim
304 2606 356 2672 illi
379 2627 449 2671 esse
473 2606 559 2691 deos,
582 2606 659 2690 quia
679 2627 811 2672 necesse
829 2604 874 2670 sit
891 2609 1117 2691 praestantem
1136 2631 1209 2674 esse

196 2696 340 2781 aliquam
361 2698 524 2779 naturam,
547 2716 613 2779 qua
628 2694 712 2758 nihil
731 2694 775 2758 sit
793 2693 919 2759 melius.
954 2693 1076 2762 Mundo
1096 2701 1209 2763 autem
1277 2727 1278 2746 1

195 2789 283 2850 certe
304 2783 389 2848 nihil
410 2786 463 2848 est
485 2782 610 2847 melius.
655 2780 725 2847 Nec
747 2781 895 2867 dubium,
918 2783 1006 2869 quin,
1029 2785 1118 2869 quod
1141 2787 1209 2852 ani·

196 2893 288 2937 mans
316 2872 361 2937 sit
386 2870 571 2955 habeatque
599 2891 730 2935 sensum
757 2874 791 2934 et
812 2870 974 2936 rationem
997 2875 1031 2936 et
1054 2877 1243 2960 mentem,³⁰

143 2973 176 3021 47
195 2960 229 3025 id
252 2960 297 3040 sit
318 2959 435 3026 melius
460 2980 557 3044 quam
579 2957 621 3041 id,
645 2958 732 3041 quod
752 2957 805 3022 his
829 2962 947 3024 careat.
988 2957 1043 3025 Ita
1065 2961 1209 3029 efficitur

196 3046 409 3133 animantem,
441 3068 568 3131 sensus,
603 3045 735 3130 mentis,
771 3045 909 3112 rationis
944 3048 1101 3114 mundum
1135 3073 1208 3118 esse
1277 3091 1278 3100 ÷

196 3138 393 3220 compotem3
423 3158 488 3220 qua
516 3133 644 3200 ratione
673 3133 769 3199 deum
797 3155 868 3200 esse
894 3136 1051 3202 mundum
1078 3140 1207 3206 conclu·

196 3223 292 3288 ditur.
337 3220 400 3289 Sed
427 3224 508 3288 haec
534 3222 633 3308 paulo
655 3225 732 3307 post
753 3222 884 3288 facilius
906 3230 1145 3311 cognoscentur
1168 3251 1207 3294 ex

194 3312 236 3376 iis
259 3310 356 3375 rebus
379 3311 470 3396 ipsis,
492 3332 573 3394 quas
596 3309 735 3374 mundus
759 3310 867 3376 efficit.
1219 3327 1240 3370 ³³
1277 3339 1278 3386 i

146 3401 185 3465 18
260 3396 404 3484 Interea,
435 3397 556 3482 Vellei,
587 3396 669 3480 noli,
702 3419 836 3483 quaeso,
867 3421 946 3484 prae
972 3403 1006 3466 te
1032 3401 1119 3467 ferre
1147 3425 1206 3470 vos
1277 3463 1278 3478 ,

195 3486 293 3572 plane
329 3489 477 3572 expertes
509 3506 580 3550 esse
612 3485 786 3552 doctrinae.
839 3485 964 3553 Ocnum
995 3489 1059 3554 tibi
1091 3490 1141 3556 ais
1173 3496 1207 3557 et
