2580 3874
399 159 610 215 ADNOTATIO
631 159 783 216 OBITIOA.
990 161 1094 216 XXVII

90 301 231 368 fimtimum
249 302 351 370 optimo
369 317 424 368 quo
443 301 527 356 modo
544 301 575 355 id
594 300 652 355 diei
669 318 758 371 genus
776 302 879 371 possit,
900 301 977 370 quod
995 301 1033 356 eit
1050 304 1094 358 de·

89 374 236 438 summum,
261 389 317 426 non
339 370 484 442 intellego.
522 371 666 441 Optimum
685 371 810 442 Scipioni
827 372 859 426 id
877 373 1000 441 videtur,
1020 372 1094 441 qnod

88 439 122 494 eit
142 441 296 495 conflatum
319 457 335 495 e
358 442 448 496 tribue
471 445 524 511 (31.
548 449 591 511 14,
614 449 657 499 45.
681 449 728 510 69;
758 442 792 497 of.
820 461 848 513 p.
872 449 931 498 191.
956 446 991 512 9),
1020 442 1096 511 quod

88 511 199 566 maxime
224 512 346 582 probare
371 529 401 566 ee
424 512 510 567 etiam
536 513 785 583 paucisvereibue
811 515 877 568 6616
906 513 984 567 dixit.
1021 513 1095 567 Pini-

88 583 180 636 116666
202 586 300 636 autem
323 582 431 652 optimo
454 584 517 636 vult
539 599 600 640 esse
622 583 732 654 regium
755 586 792 654 (p.
811 590 872 639 196.
892 591 908 639 9
927 585 1004 652 616),
1027 599 1095 653 ergo

87 653 158 720 vide,
175 669 227 721 ne,
249 669 313 707 eum
326 653 578 722 66616661116666
595 658 696 724 optimo
713 672 740 709 v.
754 662 788 709 31
807 656 873 724 poet
889 671 975 725 qeuue
992 655 1096 708 omissa

88 724 186 791 essent,
205 724 241 778 ut
258 723 399 792 reliquum
414 726 488 779 emet
500 742 586 796 peuue
603 732 640 794 et,
658 726 759 849 postea
775 724 846 780 falso
865 742 891 779 v.
906 731 941 780 33
960 723 1096 794 seriptum

88 794 120 846 sit
141 811 229 864 peuus
253 800 280 850 et
300 796 449 862 fluitemum
471 798 580 864 optimo.
604 827 638 838 -
686 837 692 849 .
715 801 775 850 301.
800 802 832 851 16
861 802 997 850 auctorum
1019 794 1095 862 Zell,

87 863 162 932 Bait,
185 881 290 920 morem
313 864 384 932 eod,
407 865 499 919 Halm.
523 897 557 907 -
579 865 611 920 P.
635 872 695 920 301.
721 872 756 921 15
783 868 854 921 cedit
879 865 955 920 Maio
982 867 1095 919 auctore

88 933 161 1002 Bait,
185 938 281 992 euadit
301 935 340 989 M.
364 935 490 1004 Seyffert.
518 936 650 990 Zeiteohr.
674 935 693 990 f.
717 936 743 990 d.
769 937 800 992 G.
819 936 864 989 W.
883 936 934 990 XV
952 954 980 1005 p.
1000 941 1042 990 66.
1062 967 1096 976 -

87 1004 113 1058 P.
131 1011 190 1059 303.
217 1013 234 1060 3
263 1013 406 1075 tanquam
428 1007 506 1062 etv.
530 1014 547 1062 6
569 1024 701 1078 uuquam
723 1006 793 1075 eod,
810 1006 903 1060 Halm.
940 1006 1015 1061 Illud
1032 1022 1096 1060 nus·

21 1075 24 1082 '
86 1092 164 1144 quam
181 1077 213 1130 in
231 1076 279 1130 hie
297 1076 392 1144 libris,
415 1076 469 1131 hoe
492 1075 536 1131 hie
560 1078 639 1132 terve
659 1094 674 1132 e
693 1077 754 1132 eod.
773 1076 851 1132 Leid.
869 1077 896 1130 A
913 1079 957 1146 (ut
974 1078 1097 1147 mumque'e

87 1147 114 1199 et
129 1149 293 1217 quemquam)
313 1148 442 1202 notatum
458 1164 504 1202 me
522 1147 648 1202 invenire
666 1148 789 1202 memini.
809 1179 843 1190 -
861 1147 892 1201 P.
912 1154 972 1202 303.
993 1155 1025 1202 11
1037 1165 1095 1216 sqq.

87 1215 220 1272 Punctum
249 1219 301 1271 aut
329 1216 413 1272 colon
437 1219 504 1288 post
529 1220 726 1286 firmitudiuem
754 1235 819 1288 pon.
851 1217 978 1288 plerique
1006 1216 1096 1285 editt,

87 1285 193 1342 fuerunt
216 1287 305 1342 etiam
329 1287 378 1357 qui
399 1306 465 1342 uum
487 1291 537 1344 aut
561 1291 633 1344 em‘m
661 1291 711 1344 aut
737 1291 870 1360 siquidem
897 1287 980 1342 initio
1006 1303 1096 1343 novae

89 1356 192 1426 periodi
211 1376 229 1412 a
266 1361 321 1414 uod
339 1357 501 1429 incipientis
519 1360 669 1428 ponerent3
687 1359 717 1414 in
731 1376 786 1428 quo
800 1375 857 1414 non
875 1358 1012 1427 intellego
1028 1357 1097 1427 quid

88 1426 122 1480 eit
142 1431 220 1498 quod.
285 1445 322 1498 go
346 1429 387 1483 sie
409 1429 589 1500 interpretor:
618 1431 697 1485 Haeo
719 1432 876 1485 constitutio
897 1431 977 1484 tutet
999 1447 1097 1498 aequu-

88 1499 212 1554 te'litutem
235 1506 262 1554 et
283 1501 479 1568 firmitudinem
501 1507 659 1571 propterea,
686 1503 771 1570 quod,
800 1517 860 1555 eum
887 1507 913 1554 et
938 1501 990 1554 6116
1016 1501 1098 1567 facile

88 1577 277 1626 souuertumtm
298 1577 324 1625 et
345 1587 445 1642 pemmo
468 1587 547 1641 saepe
569 1577 777 1639 commutentur,
799 1572 849 1626 166
870 1573 903 1626 e'u
919 1572 971 1625 166
990 1571 1095 1637 coufor-

89 1642 198 1696 mutioue
221 1643 283 1696 siue
304 1643 413 1712 maguis
434 1644 510 1696 ultim
532 1659 589 1697 mou
609 1643 692 1709 femme
714 1644 807 1697 euem‘t.
830 1672 866 1682 -
888 1641 920 1694 P.
944 1647 1004 1695 304.
1025 1646 1089 1708 8sq

90 1716 158 1765 tuum
170 1713 282 1780 quidem
294 1713 380 1766 umtus
392 1710 501 1778 Mosen,
517 1713 593 1777 Zell,
611 1713 717 1766 Alanus
733 1713 853 1766 ‘obseru
867 1711 898 1764 in
911 1711 975 1765 looa
988 1710 1098 1778 aliquot

90 1778 151 1834 Cio'
170 1800 198 1852 p.
220 1787 254 1836 16
268 1799 319 1850 sq„
343 1781 425 1847 Bait,
447 1790 525 1837 tuum
546 1783 653 1852 quidem
675 1799 774 1837 muuus
797 1782 868 1852 eod,
890 1789 968 1836 tuum
990 1783 1097 1851 quidem

88 1853 165 1906 unius
186 1869 292 1907 muuue
313 1851 464 1920 Heinrich„
488 1855 607 1908 debitum
633 1855 741 1922 quidem
767 1869 867 1908 muuus
894 1852 985 1906 Helm.
1010 1883 1044 1892 -
1066 1853 1097 1905 P.

92 1927 143 1975 304.
167 1929 198 1977 11
213 1940 256 1990 sq.
280 1923 428 1978 tubeumue
449 1922 582 1993 Madvig,
605 1923 705 1989 Halm,
731 1923 802 1977 Bait.
831 1922 938 1976 certine.
961 1921 1039 1989 fala,
1066 1922 1099 1975 61

91 1990 153 2044 nihi
170 1992 294 2047 videtur.
327 1993 400 2046 Nem
419 1993 473 2048 etsi
493 1993 680 2064 ‘apertissime
699 1993 875 2062 significatur
891 2009 966 2046 nune
985 1992 1098 2060 quidem

92 2060 163 2115 illum
175 2065 284 2118 etatum
297 2079 355 2117 non
364 2064 446 2130 esee',
460 2065 491 2118 id
500 2082 558 2119 non
567 2064 747 2134 nignifieatur
756 2063 848 2118 verbis
858 2066 883 2118 ei
895 2065 1032 2130 habemus,
1048 2061 1097 2116 eed

91 2134 135 2186 usi
149 2151 184 2189 ue
200 2150 280 2190 uume
296 2135 412 2204 quidem.
428 2166 462 2177 -
476 2135 507 2190 P.
522 2142 581 2190 304.
599 2142 631 2190 11
651 2141 709 2190 tum
725 2153 762 2188 m.
781 2142 806 2200 1,
825 2141 891 2190 teme
903 2152 940 2187 m.
957 2141 981 2198 1,
995 2133 1097 2200 Halm,

93 2201 167 2269 Bait.;
187 2203 223 2258 ef.
242 2221 272 2274 p.
290 2210 407 2260 18319.
427 2236 461 2246 -
479 2204 511 2260 Ρ.
526 2211 586 2260 304.
601 2213 634 2260 11
654 2204 908 2272 11661661616161,
928 2203 976 2271 qui
994 2203 1026 2256 in
1043 2204 1097 2258 hoe

93 2287 166 2326 versu
184 2273 362 2328 emendando
382 2290 496 2345 operam
515 2277 668 2331 consumat.
705 2275 864 2328 Admodum
883 2274 957 2328 nihil
974 2273 1098 2328 tribuen-

91 2341 150 2396 dum
163 2344 284 2398 uidetur
301 2343 388 2399 Plinii
405 2346 581 2416 auctoritati,
599 2347 730 2414 reeteque
750 2344 911 2399 Ciceronem
928 2344 1024 2414 potius
1043 2344 1096 2396 Lu·

93 2412 144 2466 eilii
165 2431 281 2469 versum
303 2415 454 2470 tradidisse
478 2416 513 2471 de
537 2417 626 2471 6611
650 2424 673 2472 3.
697 2422 731 2470 15
756 2433 808 2486 ego
832 2432 942 2484 quoque
964 2414 1097 2468 arbitror:

95 2482 208 2540 Persium
231 2503 291 2541 mou
315 2503 381 2542 euro
407 2489 503 2558 tepere,
527 2487 655 2542 Laelium
678 2485 830 2541 Decumum
851 2488 918 2541 uolo.
937 2484 971 2539 V.
1008 2484 1095 2537 Lucil.

94 2551 195 2609 166166.
220 2562 283 2624 369,
309 2555 375 2610 Luc.
399 2557 495 2612 Muell.
518 2557 609 2612 XXVI
631 2564 647 2611 1
672 2558 701 2610 61
723 2557 813 2610 XXIX
832 2562 874 2611 99.
894 2587 928 2597 -
950 2555 981 2608 P.
1001 2560 1061 2609 305.
1081 2560 1097 2608 6

92 2628 223 2683 smmoue'e
243 2626 337 2695 codd,
351 2643 547 2698 sermonemque
560 2628 636 2696 vulg.
656 2658 690 2669 -
708 2627 738 2681 P.
754 2633 813 2682 307.
829 2632 845 2681 5
859 2627 959 2696 populi
977 2625 1099 2679 Rmuuue'

94 2691 132 2747 Du
143 2695 221 2764 Bieu,
237 2697 340 2766 Halm„
359 2696 431 2752 Bait.
446 2714 504 2753 non
521 2700 606 2767 reete,
624 2698 658 2750 61
674 2697 799 2753 ostendit
813 2696 932 2750 Strelitz.
947 2713 974 2764 p.
992 2701 1033 2762 10,
1047 2711 1097 2765 po-

91 2767 288 2839 pulimripe'mem
300 2786 337 2822 m.
354 2775 378 2823 1.
393 2799 427 2809 -
442 2769 473 2822 P.
488 2775 548 2824 307.
563 2775 598 2822 14
612 2770 717 2823 6616166.
731 2767 818 2834 Bait.;
832 2784 858 2821 v.
869 2767 906 2820 ad
919 2784 947 2836 p.
958 2772 1097 2820 3613.-

96 2833 120 2888 Ρ.
148 2843 205 2893 308.
239 2845 253 2892 1
283 2838 508 2910 Aboripiuumue
535 2838 611 2907 vulg.
640 2838 715 2891 haud
743 2837 801 2892 seio
829 2853 865 2891 an
895 2835 987 2910 verius
1014 2852 1098 2904 quam

94 2903 174 2962 Halm.
202 2912 233 2964 et
255 2908 382 2963 Β611.-
405 2927 463 2980 que.
501 2907 570 2962 Cum
592 2907 637 2962 bie
661 2908 766 2978 scripta
789 2907 847 2961 sint
867 2907 938 2961 haee
960 2906 1046 2961 verba
1067 2905 1098 2959 in

94 2977 156 3047 eod,
172 2979 266 3034 Helm.
280 2978 403 3049 primum
421 2998 438 3049 q
452 2996 586 3050 supersor.
605 2997 651 3047 ue,
670 2979 772 3032 iterum
785 2997 815 3050 q,
834 2977 899 3030 Mai.
916 2976 1019 3047 ‘priore
1033 2977 1097 3033 loeo

94 3049 146 3114 que’
167 3051 305 3121 seriptum
323 3067 384 3104 esse
401 3051 537 3116 testetur,
555 3050 644 3104 altero
663 3049 751 3120 igitur
768 3068 799 3105 ue
812 3046 927 3102 invenit.
943 3079 977 3088 -
991 3049 1021 3102 P.
1036 3053 1096 3102 308.

98 3123 124 3170 11
144 3123 203 3189 quie
225 3123 264 3176 sit
286 3137 323 3175 m.
344 3127 368 3188 1,
387 3120 489 3188 Halm,
506 3120 579 3175 Bait.
600 3151 633 3162 -
655 3121 685 3174 P.
705 3125 765 3175 308.
785 3121 919 3174 36611666
937 3117 1022 3186 vulg,
1040 3119 1098 3172 ium

95 3187 156 3256 eod,
169 3191 271 3258 Halm,
286 3190 358 3246 Bait.
375 3221 408 3232 -
423 3192 453 3245 P.
469 3197 529 3247 309.
546 3197 608 3259 tsq.
624 3193 778 3246 ciuitatum
790 3206 827 3243 m.
843 3197 867 3257 2,
881 3187 964 3255 Bait,
978 3190 1098 3242 ciuitatis

97 3271 126 3310 m.
144 3267 166 3329 1,
184 3264 339 3318 ciuitatium
357 3261 434 3330 vulg.
453 3293 487 3302 -
505 3260 537 3316 P.
557 3269 616 3317 309.
635 3268 666 3316 19
684 3263 805 3331 pem'tum
822 3277 864 3344 m..
878 3265 903 3328 1,
921 3260 1043 3330 pemtuuu
1058 3276 1096 3312 m.

97 3331 495 3469 1111311113·
508 3328 1096 3456 r.lllm.2umssm¹ulte

98 3467 158 3526 uret
169 3474 281 3529 Baitero
300 3472 495 3542 incorruptum
513 3472 632 3539 videtur,
651 3471 701 3526 6111
714 3470 797 3524 multi
806 3470 896 3525 multa
909 3469 1097 3539 temptarunt:
