2590 3880
323 98 391 174 cla.
410 99 432 156 1.
453 98 528 156 cer.
549 105 663 156 ae-as,
687 104 870 166 arca-109.
1059 100 1102 166 39

90 245 278 312 sitantum
302 243 399 310 modo
427 243 470 308 ad
495 243 729 329 cogitationem
756 241 868 310 ualent
894 264 954 310 nac
980 243 1103 310 habent
1155 255 1157 260 '

89 333 194 402 ullam
214 332 414 400 soliditatem
427 353 486 400 uec
500 331 719 414 eminentiam,
738 331 816 416 quid
828 332 974 415 interest,
992 335 1103 396 utrum

90 422 133 488 de
147 421 415 507 Hippocentauro
439 441 482 486 en
504 419 545 484 de
564 419 623 484 dec
641 420 846 505 cogitemus?
869 442 1000 486 omnem
1017 419 1104 486 enirn

89 511 195 578 talem
216 508 507 576 conformationem
530 507 631 584 animi
652 507 752 573 ceteri
769 508 959 593 philosophi
976 511 1103 574 motum

65 598 222 666 rinanem
244 600 374 681 vocant,
393 617 452 664 vos
476 599 585 664 autem
608 596 783 662 adventum
804 596 840 662 in
861 598 988 664 animos
1005 599 1039 662 et
1056 596 1103 662 in·

89 687 229 754 troitum
250 685 432 771 imaginum
455 684 571 754 dicitis.
611 683 658 750 Ut
677 684 725 750 Ti.
745 683 928 752 Gracchum
951 707 1024 750 cum
1041 684 1087 748 vi·
1103 701 1155 750 roe

91 775 169 842 deor
195 775 438 844 contionantem
462 773 499 842 in
520 771 684 858 Capitolio
707 772 816 838 videre
840 773 878 837 de
900 773 945 838 M.
968 771 1103 838 Octavio

91 862 292 930 deferentem
314 861 466 945 sitellam,
488 865 560 928 tum
583 883 657 927 eum
677 864 803 926 motum
823 861 924 927 animi
942 861 1013 927 dico
1033 881 1103 926 esse

90 952 236 1036 inanem„
254 955 291 1016 tu
314 953 424 1016 autem
448 952 481 1015 et
504 948 642 1016 Gracchi
665 953 699 1014 et
722 949 852 1016 Octavii
872 950 1033 1036 imagines
1056 970 1104 1013 re·

53 1057 236 1123 remanere,
258 1059 349 1122 quae,
371 1038 407 1104 in
420 1036 620 1122 Capitolium
643 1059 716 1102 cum
738 1038 952 1122 pervenerim,
973 1042 1045 1106 tum
1063 1036 1104 1102 ad

91 1128 237 1194 animum
256 1148 364 1192 meum
382 1125 577 1209 referentum
599 1125 662 1195 hoc
679 1126 766 1190 idem
783 1127 856 1190 fieri
872 1126 909 1190 in
926 1126 994 1210 deo,
1013 1125 1103 1192 cuius

89 1216 208 1282 crebra
229 1214 311 1280 facie
334 1215 499 1299 pellentur
522 1213 633 1298 ammi,
654 1235 693 1278 ex
716 1236 779 1298 quo
804 1235 874 1280 esse
896 1214 987 1280 beati
1005 1217 1104 1298 atque

90 1303 218 1370 aeterni
239 1302 484 1388 intellegantur.
519 1301 585 1367 Fac
602 1302 764 1388 imagines
781 1324 861 1386 esse,
884 1303 1001 1387 quibus
1019 1303 1156 1386 pul-107

91 1395 205 1458 santur
241 1391 356 1476 animi;
392 1390 515 1476 species
552 1390 723 1457 dumtaxat
758 1391 898 1457 obicitur
932 1391 1105 1475 quaedam3

52 1498 77 1540 1⁵
89 1502 171 1546 num
191 1479 302 1564 etiam,
318 1501 375 1546 cur
393 1501 432 1544 ee
449 1479 548 1544 beata
561 1479 614 1563 sit,
632 1501 689 1544 cur
703 1480 857 1546 aeterna?
887 1478 976 1556 Ouae
995 1482 1104 1544 eutem

89 1569 177 1634 istae
204 1568 366 1654 imagines
390 1572 519 1634 vestrae
546 1571 604 1634 aut
625 1566 732 1633 unde?
772 1567 804 1634 A
826 1566 1015 1634 Democrito
1038 1589 1104 1632 om·

89 1657 169 1722 nino
188 1655 270 1724 haec
288 1655 435 1739 licentia3
458 1656 515 1721 sed
533 1659 566 1720 et
584 1655 641 1719 ille
655 1655 869 1740 reprehensus
884 1655 1030 1722 amultis
1045 1658 1104 1738 est,

90 1767 150 1811 nec
173 1766 235 1812 vos
257 1743 380 1812 exitum
402 1743 563 1829 reperitis,
585 1746 720 1827 totaque
742 1765 795 1808 ree
814 1744 949 1811 vacillet
967 1747 1000 1808 et
1019 1743 1105 1808 clau·

92 1834 190 1901 dicat.
242 1830 331 1898 Nam
362 1831 440 1916 quid
472 1835 540 1916 cst,
569 1831 656 1916 quod
687 1832 795 1899 miuus
825 1831 960 1917 probari
990 1830 1104 1917 possit,

52 1941 188 2004 coquam
211 1921 358 1988 omnium
377 1921 413 1984 in
435 1942 487 1988 ma
509 1920 649 1988 incidere
670 1920 845 2006 imagines,
872 1919 1022 2005 Homeri,
1045 1919 1105 1984 Ar-

92 2007 251 2093 chilochi,
276 2007 423 2092 Romuli,
450 2007 591 2091 Numae,
618 2009 839 2096 Pythagorae,
861 2007 1024 2092 Platonis,
1046 2029 1105 2073 nec

93 2121 132 2164 ea
153 2097 276 2181 forma,
303 2119 368 2182 qua
388 2096 440 2162 illi
461 2096 615 2164 fuerunt?
661 2095 730 2172 Quo
753 2097 851 2164 modo
872 2097 924 2164 illi
947 2097 1047 2182 ergo?
1072 2100 1105 2162 et

93 2208 234 2270 quorum
250 2184 433 2270 imagines?
467 2185 633 2270 Orpheum
650 2189 782 2270 pettam
801 2185 895 2251 docet
908 2184 1105 2251 Aristoteles

91 2295 274 2358 numquam
294 2273 406 2357 fuisse,
428 2276 462 2338 et
483 2272 546 2340 hoc
560 2273 736 2357 Orphicum
760 2296 890 2340 carmen
903 2273 1106 2360 Pythagorei

55 2381 81 2421 2⁵
94 2362 208 2428 ferunt
230 2361 397 2463 cuiusdam
418 2360 519 2432 fuisse
542 2360 706 2462 Cercopis.
749 2361 795 2463 ht
819 2361 975 2447 Orpheus,
998 2362 1105 2430 idest

92 2471 252 2604 ttt?
253 2454 480 2622 *lhllqlll
498 2450 853 2606 {tiltrtttlt
872 2472 984 2604 llll
999 2471 1105 2621 stt?
1107 2557 1158 2607 108

94 2627 180 2694 aliae
203 2626 239 2692 in
261 2627 375 2692 tuum?
404 2626 494 2711 quid,
522 2625 609 2711 quod
631 2649 742 2694 earum
765 2649 887 2710 rerum,
910 2648 993 2710 quae
1014 2648 1106 2693 num·

94 2737 195 2800 quam
214 2715 345 2780 omnino
362 2714 495 2782 fuerunt
512 2737 616 2799 neque
630 2737 701 2780 esse
714 2717 900 2800 potuerunt,
917 2717 955 2780 ut
970 2711 1106 2798 Scyllae,

55 2820 81 2862 ³⁰
94 2808 132 2868 nt
151 2801 365 2870 Chimaerae?
388 2803 475 2887 quid,
498 2803 584 2888 quod
602 2803 781 2886 hominum,
802 2804 957 2886 locorum,
975 2802 1106 2868 urbium

95 2913 218 2976 earum,
241 2913 323 2976 quas
344 2913 521 2976 numquam
540 2891 701 2957 vidimus?
725 2891 812 2975 quid,
834 2891 929 2975 quod,
953 2890 1050 2956 simul
1068 2913 1106 2956 ac

94 2980 178 3048 mihi
204 2979 389 3046 collibitum
415 2983 478 3064 est,
506 2983 637 3065 praesto
661 2983 712 3044 eet
734 2980 867 3065 imago?
899 2979 992 3063 quid,
1020 2979 1107 3064 quod

95 3069 196 3134 etiarn
226 3068 268 3133 ad
295 3068 508 3134 dormientem
535 3068 670 3143 veniunt
696 3067 887 3135 invocatae?
932 3067 1017 3133 Tota
1044 3090 1107 3152 res,

94 3156 216 3241 Vellei,
247 3157 423 3242 nugatoria
450 3160 509 3222 est.
554 3155 623 3222 Vos
651 3159 760 3222 autem
785 3177 853 3222 non
879 3156 975 3222 modo
1004 3157 1106 3224 oculis

57 3259 82 3302 ³⁵
95 3244 270 3330 imagines,
298 3245 476 3312 sedetiam
499 3244 615 3310 animis
637 3243 817 3311 inculcatis.
858 3244 966 3312 Tanta
988 3248 1039 3310 est
1061 3244 1158 3356 in-39

94 3334 228 3418 punitas
252 3333 425 3418 garriendi.
460 3332 508 3399 Ar
527 3354 625 3417 quam
643 3332 791 3398 licenterl
826 3331 1014 3400 Fluentium
1031 3332 1158 3420 fre-109

96 3426 233 3506 quanter
251 3421 406 3489 transitio
421 3421 460 3488 fit
472 3421 644 3506 visionum,
661 3423 699 3486 ut
712 3442 732 3485 e
744 3420 858 3486 multis
872 3445 937 3488 una
949 3421 1106 3486 videatur.
