2526 3880
202 116 247 182 82
514 115 564 170 DE
582 114 734 170 NATURA
752 114 908 169 DEORUM

203 261 456 327 inhaerentiumt
491 259 606 346 Ipsum
625 263 734 325 eutem
753 281 843 324 mare
862 259 909 324 sic
922 263 1047 325 terram
1062 265 1218 347 appetens

203 349 356 415 litoribus
387 349 517 434 alludit,
548 353 586 413 ut
615 370 681 413 una
709 370 748 412 ex
775 347 900 412 duabus
927 349 1055 414 naturis
1079 351 1218 416 conflate

152 452 201 501 101
216 437 374 503 videatur.
419 437 505 503 Exin
533 437 618 502 mari
646 437 815 501 finitumus
846 441 901 500 aer
924 435 975 501 die
999 441 1033 502 et
1055 442 1151 503 nocte
1176 439 1218 502 di·

204 527 397 613 stinguitur,
433 528 527 610 isque
559 529 631 590 tum
662 524 754 590 fusus
787 528 820 589 et
853 527 1047 590 extenuatus
1080 527 1218 592 sublime

203 615 321 700 fertur,
353 619 424 679 tum
453 618 563 678 autem
590 617 760 678 concretus
786 613 822 678 in
847 613 951 678 nubes
978 614 1110 701 cogitur
1131 635 1240 680 uma-a

204 725 337 788 remque
361 702 519 788 colligens
541 705 665 766 terram
684 705 783 788 auget
801 701 971 786 imbribus,
993 706 1066 767 tum
1086 702 1218 768 effluens

204 793 266 856 huc
290 795 323 855 et
344 791 424 855 illuc
445 793 561 855 ventos
585 789 694 855 efficit.
738 789 830 854 Idem
854 811 977 854 annuas
1000 789 1164 876 frigorum
1188 795 1219 856 et

204 880 350 945 calorum
377 878 457 944 facit
483 878 674 963 varietates,
705 877 854 962 idemque
882 881 916 942 et
943 878 1075 944 volatus
1104 881 1218 944 alitum

205 967 346 1032 sustinet
368 971 402 1031 et
424 966 543 1051 spiritu
567 966 681 1032 ductus
705 967 766 1032 alit
789 970 822 1030 et
845 969 1011 1031 sustentat
1028 967 1218 1033 animantes

150 1055 323 1124 40Restat
345 1055 480 1120 ultimus
504 1059 538 1120 et
561 1077 581 1119 a
604 1055 777 1120 domiciliis
799 1055 922 1119 nostris
947 1055 1130 1122 altissimus
1155 1077 1248 1123 om-10

203 1144 260 1208 nia
292 1144 424 1230 cingens
458 1146 491 1208 et
524 1149 673 1208 cotrcens
704 1143 785 1208 caeli
813 1143 1015 1228 complexus,
1049 1144 1106 1228 qui
1135 1145 1218 1210 idem

206 1231 320 1298 aether
348 1235 496 1317 vocatur,
526 1235 672 1296 extrema
699 1253 758 1297 ora
785 1234 818 1295 et
846 1231 1076 1297 determinatio
1099 1234 1219 1317 mundi,

205 1322 240 1386 in
277 1342 340 1406 quo
377 1343 450 1385 cum
487 1318 742 1385 admirabilitate
774 1319 916 1384 maxima
946 1319 1063 1407 igneae
1095 1321 1218 1387 formae

153 1425 204 1474 102
218 1431 332 1476 cursus
360 1408 527 1474 ordinatos
552 1408 716 1473 definiunt.
761 1407 789 1472 E
814 1408 931 1493 quibus
956 1409 1016 1493 sol,
1040 1409 1133 1475 cuius
1157 1434 1218 1475 ma·

206 1498 374 1586 gnitudine
393 1497 505 1562 multis
524 1497 673 1581 partibus
693 1500 782 1560 terra
800 1499 982 1581 superatur,
1006 1497 1129 1563 circum
1150 1521 1217 1564 eam
1228 1515 1247 1556 1⁵

204 1589 311 1672 ipsam
333 1585 485 1669 volvitur,
508 1586 602 1670 isque
626 1585 733 1650 oriens
752 1587 786 1648 et
804 1585 951 1650 occidens
972 1585 1058 1650 diem
1078 1591 1217 1652 noctem·

206 1697 268 1761 que
296 1674 425 1740 conficit
453 1677 486 1739 et
513 1674 610 1738 modo
634 1673 800 1755 accedens,
827 1677 899 1738 tum
928 1676 1038 1738 autem
1067 1675 1216 1740 recedens

205 1764 300 1828 binas
327 1763 363 1826 in
389 1761 528 1848 singulis
557 1761 650 1826 annis
678 1761 878 1826 reversiones
907 1761 947 1826 ab
976 1766 1124 1828 extremo
1149 1786 1216 1829 con-

206 1851 324 1916 trarias
346 1850 434 1935 facit,
458 1873 595 1935 quarum
618 1849 652 1913 in
675 1849 850 1914 intervallo
872 1853 944 1914 tum
969 1851 1063 1934 quasi
1081 1851 1216 1916 tristitia

206 1940 346 2024 quadam
369 1939 535 2005 contrahit
557 1942 692 2021 terram,
719 1941 791 2001 tum
814 1937 958 2002 vicissim
981 1938 1156 2026 laetificat,
1184 1943 1246 2004 uta

153 2043 204 2092 103
219 2051 293 2095 cum
315 2028 405 2093 caelo
428 2027 572 2092 hilarata
594 2026 751 2090 rideatur.
795 2024 888 2090 Luna
911 2030 1030 2110 autem,
1054 2031 1217 2111 quaeest,

206 2120 244 2183 ut
272 2116 447 2182 ostendunt
468 2114 706 2197 mathematici,
735 2114 840 2178 maior
862 2136 961 2198 quam
985 2115 1122 2181 dimidia
1145 2137 1216 2202 pars

206 2210 325 2289 terrae,
356 2205 459 2270 isdem
490 2203 606 2289 spatiis
635 2205 788 2287 vagatur,
821 2203 939 2286 quibus
967 2204 1031 2288 sol,
1062 2205 1121 2269 sed
1152 2209 1216 2270 tum

206 2293 417 2380 congrediens
440 2315 513 2358 cum
537 2291 618 2376 sole,
646 2295 717 2356 tum
740 2291 924 2376 digrediens
952 2295 985 2356 et
1003 2313 1081 2357 eam
1107 2294 1216 2375 lucem,

206 2405 304 2468 quam
332 2403 352 2446 a
379 2381 447 2446 sole
475 2379 611 2464 accepit,
640 2379 744 2443 mittit
771 2379 934 2444 interrae
958 2383 991 2444 et
1014 2381 1125 2447 varias
1150 2383 1245 2468 ipsas

205 2472 286 2538 lucis
310 2469 507 2534 mutationes
529 2466 639 2552 habet,
663 2471 760 2551 atque
784 2467 883 2532 etiam
906 2471 978 2532 tum
1001 2469 1153 2536 subiecta
1175 2474 1216 2536 at

206 2580 267 2646 que
291 2558 444 2643 opposita
467 2556 529 2621 soli
552 2556 660 2621 radios
684 2557 752 2620 eius
771 2558 804 2620 et
827 2556 938 2620 lumen
961 2557 1126 2644 obscurat,
1151 2564 1216 2624 tum

204 2649 278 2733 ipsa
298 2645 444 2711 incidens
462 2644 497 2709 in
515 2645 665 2710 umbram
683 2648 799 2728 terrae,
818 2666 891 2709 cum
911 2648 962 2710 est
980 2667 997 2710 e
1016 2647 1154 2732 regione
1173 2669 1216 2712 sc·

204 2737 261 2821 lis,
296 2733 493 2820 interpositu
528 2732 764 2816 interiectuque
796 2736 903 2798 terrae
935 2737 1070 2818 repente
1104 2735 1215 2801 deficit.

204 2825 376 2908 Isdemque
399 2821 514 2907 spatiis
538 2843 595 2886 eae
617 2822 740 2905 stellae,
765 2842 845 2905 quas
868 2841 970 2908 vagas
990 2822 1140 2910 dicimus,
1164 2825 1244 2890 cir-³⁰

204 2937 277 2982 cum
297 2917 419 2977 terram
437 2909 587 2974 feruntur
605 2910 781 2993 eodemque
801 2908 897 2974 modo
917 2909 1067 2974 criuntur
1087 2915 1122 2977 et
1143 2911 1216 2978 occi·

204 3005 295 3087 dunt,
318 3021 455 3085 quarum
477 3001 586 3062 motus
608 3001 680 3062 tum
702 2998 888 3082 incitantur,
911 3002 983 3063 tum
1001 3000 1215 3079 retardantur,

151 3104 204 3154 104
219 3111 315 3174 saepe
343 3087 443 3152 etiam
469 3085 635 3150 insistunt.
681 3083 751 3161 Quo
781 3087 967 3171 spectaculo
993 3087 1079 3152 nihil
1109 3091 1215 3174 potest

205 3175 429 3244 admirabilius
453 3195 533 3257 esse,
554 3173 638 3237 nihil
661 3173 837 3258 pulchrius.
874 3174 1027 3259 Sequitur
1047 3179 1215 3244 stellarum

203 3264 419 3331 inerrantium
445 3262 588 3327 maxima
610 3262 799 3347 multitudo,
828 3285 966 3348 quarum
987 3264 1037 3329 ita
1061 3265 1244 3352 discripta&

205 3353 370 3420 distinctio
399 3352 462 3435 est,
494 3353 532 3414 ut
560 3372 599 3415 ex
625 3354 778 3415 notarum
800 3351 980 3437 figurarum
1003 3353 1214 3420 similitudine
1242 3365 1245 3372 '

148 3443 193 3508 41
203 3442 337 3508 nomina
357 3438 549 3504 invenerint.
586 3437 696 3524 Atque
714 3439 776 3504 hoc
797 3440 869 3505 loco
887 3461 939 3506 me
957 3439 1103 3508 intuens:
1128 3443 1215 3524 Utar,
