2630 3890
202 85 268 147 212
547 84 597 138 DE
616 83 860 139 DIVINATIONE

201 250 274 292 rum
307 227 453 313 gentium
486 223 615 311 oras,
605 249 640 290 m
672 227 788 310 quibus
820 227 900 292 haec
926 247 967 291 ne
994 226 1212 292 observantur

148 406 192 471 20
202 316 501 469 qmlilnrhventum
519 407 569 468 est
587 403 711 487 caput
702 424 738 467 m
753 403 870 468 Tiberi.
908 401 1007 478 Quasi
1025 424 1086 489 ego
1106 406 1157 467 art
1159 425 1211 468 em

202 492 373 576 aliquam
364 496 408 556 1st
410 514 501 557 orum
521 513 591 556 esse
609 492 739 577 negem!
758 491 989 557 divinationem
1002 512 1095 577 nego.
1119 489 1211 556 Caeli

201 581 287 646 enim
310 580 512 663 distributio,
538 601 636 664 quam
659 583 734 644 ante
757 580 836 664 dixi,
859 583 893 644 et
915 583 1077 644 certarum
1099 601 1210 644 rerum
1237 598 1251 639 s

201 669 327 734 notatio
355 669 460 751 docet,
487 668 571 732 unde
597 667 722 732 fulmen
748 668 886 751 venerit,
914 689 978 752 quo
1002 668 1210 751 concesserit,

202 758 280 843 quid
307 757 468 843 significet
496 760 618 840 autem,
645 756 737 821 nulla
764 757 849 822 ratio
877 756 978 821 docet.
1024 753 1087 821 Sed
1110 778 1209 843 urges

201 867 252 910 me
276 845 356 910 meis
379 845 540 910 versibus:

245 932 276 998 N
283 955 341 997 am
358 937 546 1018 patert
490 934 546 998 alt
550 933 709 997 itonans
723 933 890 996 stellant
875 933 1033 998 tinixus
1047 933 1208 1017 Olympo

244 1020 333 1106 Ipse
352 957 440 1086 spuos
457 1021 649 1123 quondam
662 1021 835 1086 tumulos
850 1043 892 1086 ac
905 1021 1052 1122 templa
1064 1022 1208 1106 petivit
1224 1041 1250 1079 ιο

245 1110 295 1174 Ε1
317 1108 492 1193 Capitol
482 1109 559 1174 mis
581 1108 720 1174 iniecit
743 1109 933 1174 sedibus
923 1109 1036 1196 ignis.

201 1197 284 1263 Tum
307 1201 375 1264 stat
376 1221 418 1262 ua
440 1195 572 1282 Nattae,
594 1199 665 1261 tum
689 1197 863 1262 simulacra
885 1198 1017 1262 deorum
1037 1198 1209 1262 Romulus·

201 1309 263 1372 que
286 1289 319 1352 et
304 1286 457 1351 tRemus
481 1309 554 1351 oum
563 1249 690 1350 altrice
713 1285 862 1351 belua
832 1309 865 1350 vr
886 1285 1033 1350 fulminis
1056 1285 1115 1351 icti
1136 1308 1209 1352 con·

201 1376 359 1460 ciderunt,
388 1375 489 1475 deque
516 1374 568 1438 his
596 1373 693 1438 rebus
720 1374 852 1460 harusp
843 1397 929 1440 1cum
957 1374 1134 1438 extiterunt
1161 1397 1208 1438 re-

148 1477 182 1525 41
201 1485 321 1549 sponsa
338 1463 527 1528 verissume.
564 1461 715 1526 Mirabile
734 1466 843 1534 autem
861 1462 952 1547 illud,
975 1463 1061 1546 quod
1079 1485 1116 1528 eo
1135 1463 1207 1548 ipso
1224 1481 1250 1521 ιι

132 1582 134 1587 ·
200 1556 359 1636 tempore,
388 1573 451 1635 quo
478 1552 571 1615 fieret
593 1550 748 1615 indicium
771 1551 1003 1616 coniurationis
1026 1551 1062 1615 in
1084 1556 1207 1634 senatu,

202 1641 332 1726 signum
349 1638 437 1704 Iovis
460 1639 591 1703 biennio
614 1643 699 1723 post,
724 1661 822 1722 quam
840 1644 910 1704 erat
928 1639 1081 1722 locatum,
1100 1639 1135 1703 in
1149 1637 1208 1704 Oa-

199 1729 316 1814 pitolio
350 1727 590 1793 conlocabatur.
618 1765 662 1772 —
690 1726 739 1791 Tu
769 1727 870 1812 igitur
901 1727 1044 1792 animum
1076 1727 1207 1793 induces

201 1815 261 1901 (sie
293 1815 379 1880 enim
412 1838 537 1881 mecum
571 1813 706 1901 agebas)
740 1837 871 1880 causam
901 1815 1001 1881 istam
1033 1819 1066 1880 et
1094 1820 1208 1881 contra

201 1905 288 1970 laeta
314 1909 372 1968 tua
399 1908 432 1968 et
459 1908 573 1969 contra
596 1904 718 1987 scripta
741 1903 931 1969 defendere?
956 1903 1136 1969 -Frater
1159 1927 1207 1989 es3
1222 1924 1251 1962 ιο

201 2015 239 2058 eo
261 2014 383 2057 vereor.
414 1991 538 2057 Verum
561 1991 638 2076 quid
660 1991 722 2055 tibi
744 1991 797 2056 hic
816 1992 948 2056 tandem
965 1993 1082 2058 nocet?
1105 2014 1207 2077 resne,

201 2102 282 2167 quae
305 2081 456 2145 talist
407 2085 465 2164 est,
488 2103 531 2145 an
549 2101 619 2165 ege,
643 2080 699 2163 qui
716 2101 829 2144 verum
847 2080 1001 2165 explicari
1018 2081 1116 2146 volo?
1143 2080 1207 2146 Ita-

201 2191 262 2254 que
288 2170 370 2234 nihil
398 2131 473 2235 conl
474 2191 512 2234 ra
538 2168 622 2251 dice,
650 2190 671 2232 a
697 2172 731 2232 te
753 2169 914 2233 rationem
936 2169 1038 2234 totius
1061 2170 1208 2255 haruspi-

200 2259 291 2324 cinae
316 2261 402 2342 peto.
450 2255 512 2323 Sed
539 2260 572 2321 te
595 2256 796 2321 mirificam
786 2279 821 2321 ιιι
843 2257 1004 2322 latebram
1026 2259 1208 2343 coniecisti,

200 2347 286 2431 quod
309 2346 394 2410 enim
417 2345 622 2430 intellegeres
644 2344 715 2409 fore
737 2349 775 2409 ut
796 2367 992 2430 premerere,
1015 2369 1088 2410 cum
1111 2369 1150 2411 ex
1172 2351 1206 2412 te
1220 2363 1248 2404 ²⁵

200 2456 313 2500 causas
337 2434 431 2498 unius
455 2433 608 2516 cuiusque
632 2433 839 2498 divinationis
863 2435 1076 2518 exquirerem,
1102 2436 1207 2501 multa

199 2523 299 2588 verba
321 2521 465 2588 fecistit
451 2525 492 2605 te,
515 2543 588 2586 cum
606 2543 658 2585 res
677 2522 811 2606 videres,
834 2522 994 2587 rationem
1012 2545 1207 2608 causamque

199 2633 267 2676 non
288 2632 456 2696 quaerere3
479 2609 556 2693 quid
577 2609 678 2692 fieret,
700 2631 766 2674 non
788 2632 846 2675 cur
867 2611 968 2696 fieret,
990 2611 1032 2677 ad
1049 2633 1119 2676 rem
1137 2633 1207 2697 per·

199 2700 313 2764 tinere.
349 2695 450 2773 Quasi
472 2719 533 2783 ego
556 2701 613 2761 aut
636 2698 707 2761 fieri
729 2698 936 2764 concederem
959 2703 1016 2764 aut
1034 2704 1119 2764 esset
1136 2700 1207 2785 phi-

147 2799 180 2848 47
201 2786 331 2872 losophi
354 2807 493 2869 causam,
516 2807 572 2850 cur
596 2785 735 2869 quidque
757 2787 858 2869 fieret,
880 2809 947 2852 non
965 2791 1132 2872 quaerere!
1136 2724 1207 2854 Ρ111
1220 2806 1247 2845 ³0

200 2897 238 2942 eo
269 2874 399 2959 quidem
428 2874 499 2939 loco
529 2877 563 2937 et
589 2873 806 2959 Prognostica
832 2879 946 2940 nostra
972 2876 1206 2960 pronuntiabas

200 2967 234 3027 61
253 2984 372 3048 genera
389 2962 573 3044 herbarum,
592 2963 823 3027 scammoniam
838 2963 1144 3048 aristolochiamque
1157 2987 1207 3030 ra

201 3051 312 3135 dicem,
336 3072 471 3135 quarum
496 3072 626 3115 eausam
648 3051 825 3136 ignorares,
849 3052 915 3116 vim
939 3055 972 3116 et
994 3053 1193 3118 effectum
1162 3077 1207 3119 ιι-

148 3141 189 3205 21
201 3139 301 3204 deres
341 3138 509 3203 Dissimile
531 3141 652 3222 totum3
674 3161 750 3202 nam
774 3143 806 3204 et
828 3141 1112 3226 prognosticorum
1135 3164 1207 3207 cau

201 3248 255 3291 sas
282 3227 443 3310 persecuti
470 3229 545 3290 sunt
573 3225 710 3291 61Βο61
696 3227 773 3292 thus
796 3225 937 3313 Stoicus,
966 3230 1021 3312 qui
1049 3233 1099 3294 est
1126 3253 1146 3294 a
1172 3234 1205 3295 te
1220 3247 1245 3287 ³⁵

200 3315 401 3399 nominatus,
428 3318 461 3378 et
483 3318 594 3379 noster
617 3314 715 3379 etiam
737 3314 942 3401 Posidonius,
970 3321 1016 3401 et,
1039 3318 1068 3381 si
1091 3339 1207 3382 causae

200 3425 266 3468 ιιοιι
292 3403 496 3488 reperiantur
523 3403 660 3468 istarum
683 3425 804 3490 rerum,
830 3427 883 3470 res
906 3368 1047 3470 tamari
1037 3428 1128 3491 1psae
1151 3408 1207 3472 ob·
