2526 3880
175 130 238 194 122
494 128 544 182 DE
562 127 716 184 NATURA
733 127 887 183 DEORUM

172 273 280 339 dicitis
318 293 396 359 ergo
429 272 468 338 de
500 271 682 338 fratribus?
729 270 819 337 Haeo
851 269 1033 337 Oameades
1066 271 1192 358 aiebat,

172 384 239 428 non
270 363 307 427 ut
339 361 416 426 deos
448 360 582 426 tolleret
610 356 703 446 (quid
736 359 821 424 enim
850 359 1048 446 philosopho
1077 361 1191 427 minus

172 447 418 536 eonveniensl),
450 449 507 514 sed
538 453 576 514 ut
603 445 730 514 Stoicos
761 447 846 512 nihil
878 448 917 513 de
945 449 994 513 dis
1021 449 1190 534 explicare

172 538 391 622 convinceret,
413 538 524 621 itaque
546 537 785 621 insequebatur.
825 534 910 611 Quid
933 537 1041 602 enim?
1065 537 1190 621 aiebat,

172 627 203 692 si
228 626 264 691 hi
290 625 410 690 fratres
437 625 571 689 suntin
592 645 727 690 numero
750 624 896 708 deorum,
926 646 1004 690 num
1028 624 1067 690 de
1091 629 1189 710 patre
1218 644 1230 684 r

173 737 286 781 eorum
313 710 454 778 Satruno
485 713 600 799 negari
631 715 756 796 potest,
790 734 886 797 quem
913 713 1012 799 volgo
1043 714 1190 779 maxime

173 803 285 870 solunt
308 801 349 866 ad
372 800 592 867 occidentem?
638 799 701 876 Qui
723 800 752 866 si
774 805 825 880 est
847 801 934 885 deus,
956 805 1085 886 patrem
1109 824 1189 886 quo-

174 913 237 976 que
267 889 335 956 eius
359 887 510 954 Caelum·
524 910 596 956 esse
623 888 719 954 deum
745 888 963 955 confitendum
987 893 1046 954 est.
1092 888 1190 965 Quod

173 979 203 1046 si
234 979 282 1042 ita
309 980 372 1062 est,
404 975 495 1043 Caeli
527 997 654 1062 quoque
685 981 836 1063 parentes
869 977 903 1042 di
929 976 1072 1042 habendi
1100 984 1188 1062 sunt,

173 1066 298 1131 Aether
332 1069 366 1131 et
393 1064 487 1148 Dies,
521 1087 696 1150 eorumque
729 1064 848 1131 fratres
883 1069 916 1130 et
948 1087 1093 1149 sorores,
1129 1066 1188 1151 qui
1204 1087 1228 1126 le

172 1178 207 1308 p,
222 1153 581 1310 {enealffglsrmlgul}
600 1153 649 1306 sitoi
671 1153 907 1308 norlrpirpantur,S
924 1154 1040 1306 Ampr,
1068 1153 1187 1307 {plus

173 1263 512 1426 stillabis,
526 1263 695 1412 othl,
718 1263 1188 1416 elald’alllfdlaalll

172 1419 308 1504 Pareae,
339 1416 549 1503 Hesperides,
581 1415 727 1502 Somnia,
759 1440 840 1502 quos
873 1421 979 1484 omnis
1009 1419 1119 1485 Erebo
1153 1423 1189 1485 et

173 1507 279 1573 Noeta
307 1510 403 1571 natos
432 1504 551 1572 ferunt.
602 1506 669 1572 Aut
697 1506 800 1593 igitur
828 1506 910 1573 haee
936 1512 1085 1572 monstra
1111 1530 1188 1593 pro·
1201 1525 1226 1567 1⁵

120 1560 164 1686 ἐξ
175 1595 283 1664 banda
310 1597 387 1659 sunt
413 1598 471 1660 aut
497 1595 604 1679 prima
631 1595 690 1659 illa
716 1595 870 1660 tollenda.
920 1593 1026 1670 Quid?
1057 1595 1188 1680 Apolli-

173 1707 262 1766 nem,
289 1682 487 1765 Voleanum,
513 1682 722 1766 Mercurium,
746 1686 870 1749 eeteros
894 1683 970 1748 deos
994 1705 1065 1749 esse
1089 1685 1187 1768 diaes,

175 1773 214 1837 de
236 1770 391 1855 Heroule,
414 1770 624 1855 Aesculapio,
646 1769 778 1855 Libero,
801 1769 950 1855 Castore,
973 1771 1106 1837 Polluoe
1131 1772 1187 1838 du-

173 1859 319 1925 bitabis?
351 1857 398 1924 At
416 1858 452 1922 hi
470 1859 600 1942 quidem
619 1860 769 1925 eoluntur
788 1882 888 1944 aeque
908 1863 1006 1944 atque
1019 1859 1080 1944 illi,
1099 1860 1187 1946 apud

175 1948 333 2032 quosdam
352 1947 451 2011 etiam
470 1947 704 2033 multomagis.
733 1947 823 2034 Ergo
838 1947 873 2012 hi
887 1947 939 2012 dei
952 1952 1029 2012 sunt
1041 1948 1187 2013 habendi
1200 1969 1223 2007 a

174 2035 369 2102 mortalibus
383 2034 454 2099 nati
468 2035 651 2100 matribus?
679 2033 783 2110 Quid?
807 2035 987 2119 Aristaeus,
1006 2035 1063 2120 qui
1077 2037 1186 2103 olivae

175 2124 292 2190 dieitur
315 2123 474 2207 inventor,
496 2121 661 2208 Apollinis
679 2123 776 2207 filine,
799 2123 942 2189 Theseus
960 2122 1116 2210 Neptuni,
1139 2147 1187 2190 re

175 2212 266 2296 liqui,
284 2233 421 2296 quorum
438 2214 549 2296 patres
568 2211 610 2296 di,
626 2232 692 2278 non
710 2215 805 2276 erunt
823 2211 858 2275 in
876 2212 1009 2278 deorum
1026 2215 1186 2279 numero?

175 2299 267 2383 Quid,
286 2320 424 2383 quorum
442 2299 586 2364 matres?
620 2299 751 2385 Opinor,
770 2299 869 2364 etiam
888 2300 1002 2386 magis.
1032 2299 1080 2365 Ut
1099 2302 1185 2367 enirn

174 2390 244 2454 iure
267 2387 369 2472 oivili,
398 2387 454 2472 qui
477 2391 527 2453 est
549 2391 654 2453 matre
677 2387 793 2472 libera,
820 2387 989 2473 liberast,
1012 2389 1093 2454 item
1115 2389 1185 2454 iure
1198 2408 1221 2448 a

175 2480 321 2558 naturae,
345 2475 400 2559 qui
423 2476 482 2540 dea
504 2479 609 2541 matre
632 2479 691 2558 est,
714 2476 792 2540 deus
816 2475 860 2540 sit
876 2498 1006 2542 neeesse
1026 2481 1084 2542 est.
1121 2477 1186 2543 Ita

176 2587 237 2649 que
256 2563 420 2630 Achillem
438 2562 711 2648 Astypalaeenses
734 2563 877 2629 insulani
900 2565 1115 2648 sanctissume
1136 2587 1185 2632 eo

175 2654 262 2736 lunt,
291 2651 347 2736 qui
370 2651 399 2716 si
422 2651 499 2716 deus
523 2654 586 2735 est,
609 2655 642 2716 et
665 2651 814 2737 Orpheus
837 2656 870 2717 et
892 2652 1020 2732 Rhesus
1044 2655 1077 2719 di
1100 2659 1186 2739 sunt,

174 2742 271 2807 Musa
293 2743 399 2805 matre
420 2739 501 2824 nati,
523 2739 587 2804 nisi
609 2739 695 2805 forte
718 2741 911 2806 maritumae
932 2741 1067 2827 nuptiae
1087 2737 1185 2808 terre

175 2830 227 2894 nis
255 2831 505 2914 anteponuntur.
551 2825 585 2892 si
607 2827 643 2892 hi
665 2828 698 2892 di
719 2850 786 2893 non
809 2833 897 2913 sunt,
925 2830 1002 2914 quia
1022 2848 1221 2916 nusquamw

122 2918 337 3001 recoluntur,
360 2938 424 3000 quo
448 2915 544 2982 modo
565 2915 617 2980 illi
639 2917 738 2982 sunt?
782 2916 865 2982 Vide
887 2917 998 3005 igitur,
1020 2940 1063 2984 ne
1085 2921 1186 2985 virtu·

175 3006 264 3070 tibus
286 3005 456 3070 hominum
478 3003 535 3068 isti
556 3005 696 3070 honores
718 3005 909 3091 habeantur,
931 3028 998 3072 non
1018 3007 1186 3074 immorta-

176 3093 340 3176 litatibus3
363 3092 449 3177 quod
467 3096 505 3156 tu
523 3114 659 3176 quoque,
676 3091 789 3177 Balbe,
807 3093 896 3160 visus
915 3116 949 3160 es
968 3094 1082 3160 dioere.
1115 3095 1186 3172 Quo

175 3181 273 3247 modo
297 3184 405 3245 autem
427 3182 531 3266 potes,
554 3180 583 3244 si
604 3178 766 3246 Latonam
785 3181 878 3248 deam
896 3187 1002 3268 putas,
1024 3183 1186 3250 Hecatam

175 3291 242 3334 hon
264 3271 389 3352 putare,
413 3289 495 3352 quae
518 3270 623 3332 matre
646 3267 779 3333 Asteria
802 3275 861 3357 est,
884 3293 994 3337 sorore
1016 3270 1185 3339 Latonae?
1198 3287 1221 3331 ³⁵

176 3357 231 3422 An
252 3356 333 3421 haee
356 3376 484 3439 quoque
507 3355 567 3421 dea
589 3356 661 3422 est?
684 3356 823 3423 vidimus
847 3359 933 3425 enim
951 3360 1019 3426 eius
1039 3382 1113 3426 aras
1134 3361 1185 3427 de-

176 3445 334 3528 lubraque
356 3443 392 3508 in
415 3442 559 3509 Graecia.
604 3440 662 3508 Sin
682 3445 764 3512 haee
786 3447 847 3512 dea
869 3451 933 3529 est,
955 3470 1012 3514 our
1033 3471 1100 3514 non
1121 3449 1186 3514 Eu·
