2630 3890
114 1593 116 1597 ’
156 1554 173 1679 t

159 2820 175 2870 2

190 197 256 262 252
625 195 674 250 DE
692 195 786 252 Faxo

190 355 308 408 cumque
336 338 417 406 fiant,
445 338 506 394 fieri
533 337 627 394 omnia
654 354 746 393 causis
772 335 1016 401 antecedentibusr
1044 336 1205 392 voluntatis

190 411 265 464 enim
287 412 400 465 nostrae
423 425 480 464 non
503 425 564 464 esse
588 425 686 463 causas
710 409 837 462 externas
860 409 890 461 et
912 406 1109 462 antecedentes
1128 411 1204 478 (cap.
1299 439 1300 458 t

190 487 294 534 10-12
313 487 328 546 ξ
345 483 469 548 21-29).
503 480 556 533 Hic
575 479 689 533 disserit
708 477 793 532 etiam
811 478 847 531 de
861 477 965 547 ignava
977 477 1094 544 ratione,
1113 477 1205 534 idest
1299 531 1300 540 ἶ

189 554 225 606 de
242 547 320 623 ἀργῷ
340 548 422 618 λόγῳ,
443 566 498 618 qna
516 550 639 603 admissa
657 565 768 604 omnem
786 565 802 603 e
820 548 881 602 rita
897 548 964 602 tolli
976 548 1119 602 actionem
1131 548 1204 603 libe-
1299 547 1300 558 ¹

189 637 250 676 ram
269 621 354 676 docet
372 619 523 690 Chrysippi
541 622 571 674 et
584 619 720 674 Carneadi
736 619 859 674 rationes
876 634 994 686 sequens
1007 619 1080 689 (cap.
1096 627 1205 674 13-1o

190 694 345 761 §ao-38).
373 690 500 758 Denique
520 707 583 743 oum
601 690 673 745 duae
691 688 811 744 fuissent
827 691 955 743 veterum
968 689 1205 760 philosophorum

191 761 361 827 sententiae,
384 777 440 814 una
463 777 569 826 eorum,
594 760 642 828 qui
661 761 807 814 censerent
825 759 919 814 omnia
936 759 978 814 ita
995 759 1054 814 fato
1074 761 1147 828 fieri,
1172 763 1206 814 ut

190 832 280 886 fatum
303 833 361 886 vim
384 830 562 886 necessitatis
586 830 720 897 adferret,
746 831 966 896 eboracorum,
992 830 1041 900 qui
1063 831 1124 886 sine
1142 831 1206 886 ullo

190 903 250 957 fato
274 919 336 957 esse
358 902 515 956 animorum
537 904 630 955 motus
654 901 828 956 voluntarios
846 901 991 971 putarent,
1015 901 1206 972 Chrysippum
1299 955 1300 966 ,

191 973 233 1027 ait
254 972 379 1026 medium
400 972 482 1026 ferire
502 971 638 1037 voluisse,
662 972 713 1026 sed
730 973 826 1025 tamen
843 971 934 1040 magis
953 971 990 1024 ad
1009 987 1105 1026 eorum
1123 988 1205 1027 acoe—
1299 973 1300 978 ’

192 1044 258 1097 dere
278 1043 456 1111 sententiam,
475 1042 524 1111 qui
541 1041 712 1098 necessitate
729 1045 822 1096 motus
841 1041 948 1096 animos
967 1041 1071 1097 liberos
1086 1059 1148 1098 esse
1162 1061 1207 1098 ar-

190 1113 330 1168 bitrentur
355 1116 425 1183 (cap.
452 1120 555 1168 17—19
579 1119 594 1179 ξ
617 1115 741 1182 39-46).
782 1112 940 1180 Utcumque
966 1129 995 1167 se
1020 1130 1065 1168 res
1090 1114 1207 1182 habeat,

191 1184 246 1237 hoc
265 1185 340 1238 certe
358 1184 443 1238 modo
462 1184 498 1237 ad
516 1184 589 1238 hano
608 1199 722 1238 causam
739 1182 953 1253 disceptandam
971 1199 1029 1238 non
1047 1184 1082 1238 ab
1101 1185 1208 1239 atomis

191 1255 348 1309 errantibus
371 1256 401 1308 et
424 1253 458 1308 de
482 1253 530 1309 via
552 1254 758 1308 declinantibus
781 1251 914 1322 Epicurio
936 1270 1014 1309 more
1031 1255 1208 1325 praesidium

191 1325 345 1395 petendum
362 1324 453 1379 videri
472 1328 543 1394 (cap.
563 1331 597 1380 20
616 1331 631 1392 ξ
650 1328 774 1390 46-48).

592 1473 804 1482 ——e-——----—

266 1575 425 1659 ....quia
443 1576 585 1660 pertinet
604 1574 645 1639 ad
663 1595 779 1658 mores,
799 1574 885 1659 qnod
902 1563 990 1658 ἦθος
1007 1574 1059 1640 illi
1076 1580 1208 1660 vocant,
1299 1565 1300 1582 i

192 1685 253 1728 uos
282 1685 354 1727 eam
376 1667 504 1749 partem
527 1663 753 1748 philosophiae
777 1663 820 1727 de
843 1663 1014 1727 moribus
1039 1665 1208 1748 appellare

193 1751 345 1835 solemus,
368 1751 424 1816 sed
447 1751 538 1817 deret
562 1755 735 1838 augentem
757 1750 905 1836 linguam
928 1750 1080 1816 Latinam
1103 1753 1208 1817 nomi-

192 1861 272 1903 nare
295 1840 496 1923 moralem3
519 1840 771 1924 explicandaque
793 1839 843 1903 vis
868 1843 918 1902 est
940 1839 1089 1924 ratioque
1109 1862 1208 1906 enun-

150 1948 152 1959 “
192 1927 380 2010 tiationum,
407 1950 489 2012 quae
514 1926 630 1992 Graeci
653 1924 821 2010 ἀξιώματα
843 1932 974 2011 vocant3
1002 1949 1084 2012 quae
1109 1928 1148 1992 de
1172 1949 1235 1994 ree

192 2014 304 2080 futura
326 2038 399 2082 oum
422 2015 679 2101 aliquid'dicunt
702 2016 804 2099 deque
827 2037 875 2099 ee,
899 2015 985 2099 quod
1006 2017 1113 2101 possit
1136 2017 1208 2081 fieri

193 2107 251 2169 aut
274 2126 340 2169 non
362 2105 481 2188 possit,
506 2126 604 2188 quam
626 2104 693 2168 vim
716 2103 869 2188 habeant,
893 2105 1033 2170 obseura
1057 2105 1207 2189 quaestio

194 2195 253 2276 est,
276 2214 374 2276 quam
393 2191 468 2277 περὶ
488 2192 643 2266 dovuroiv
662 2191 851 2276 philosophi
870 2192 1047 2277 appellant,
1070 2197 1207 2277 totaque
1299 2195 1300 2268 l

194 2283 244 2345 est
275 2277 410 2364 λογική,
448 2303 546 2366 quam
578 2280 738 2344 rationem
770 2280 947 2344 disserendi
979 2303 1068 2346 voco.
1114 2279 1207 2356 Quod

194 2373 304 2434 autem
326 2369 361 2434 iu
384 2368 457 2434 aliis
480 2368 574 2433 libris
597 2368 668 2449 feci,
692 2369 846 2452 quisunt
869 2368 1044 2433 denatura
1061 2368 1246 2453 deorumn

193 2457 336 2540 itemque
359 2457 460 2540 iniis,
484 2478 565 2540 quos
585 2456 623 2521 de
643 2456 841 2521 divinatione
860 2455 954 2540 edidi,
975 2459 1066 2521 utin
1084 2461 1207 2522 utram-

194 2567 257 2630 que
279 2549 408 2632 partem
430 2549 589 2630 perpetua
612 2545 829 2629 explicaretur
852 2545 966 2629 oratio,
991 2566 1054 2630 quo
1077 2544 1206 2610 facilins

193 2633 228 2698 id
250 2655 270 2698 a
294 2655 421 2718 quoque
445 2633 653 2718 probaretur,
682 2633 767 2717 quod
790 2633 904 2717 auique
928 2633 1067 2698 maxime
1090 2635 1207 2720 proba
1299 2703 1300 2714 ¹

194 2721 260 2786 bile
288 2721 464 2804 videretur,
491 2720 525 2785 id
551 2721 587 2785 in
613 2722 674 2785 hac
702 2720 923 2805 disputatione
951 2721 990 2786 de
1018 2721 1088 2786 fato
1112 2745 1206 2788 oasus
1299 2719 1300 2742 ¹

195 2809 327 2894 quidam
359 2830 400 2873 ne
431 2809 572 2873 facerem
603 2809 770 2893 inpedivit.
815 2807 902 2873 Nam
934 2832 1008 2874 oum
1040 2831 1145 2876 essem
1172 2811 1207 2876 in
1220 2831 1246 2870 rs

194 2896 376 2962 Puteolano
391 2895 584 2982 Hirtiusque
606 2902 728 2980 noster,
751 2897 864 2962 consul
884 2897 1081 2982 designatus,
1103 2898 1208 2965 isdem

195 2985 231 3049 iu
252 2985 348 3069 loeis,
370 2985 421 3092 pir
442 2985 538 3050 nobis
563 2985 778 3051 amicissimus
802 2989 835 3050 et
857 2985 908 3049 his
933 2985 1060 3070 studiis,
1080 2985 1117 3052 in
1140 2989 1208 3072 qui·

195 3073 257 3137 bus
279 3094 340 3137 nos
364 3095 384 3138 a
405 3073 549 3158 pueritia
566 3073 715 3157 uiximus²
739 3073 874 3156 deditus,
898 3074 1039 3138 multum
1056 3097 1122 3139 una
1141 3098 1208 3142 era

196 3182 278 3243 mus,
297 3161 437 3226 maxime
455 3184 515 3226 nos
535 3161 664 3245 quidem
684 3162 887 3244 exquirentes
907 3183 946 3227 ea
960 3162 1106 3248 consilia,
1125 3185 1207 3248 quae

198 3249 238 3312 ad
261 3269 374 3332 pacem
398 3253 431 3313 et
455 3249 496 3314 ad
519 3249 723 3314 concordiam
743 3249 862 3314 civium
880 3250 1090 3334 pertinerent.
1126 3251 1208 3318 Oum
1221 3271 1246 3311 ro

198 3336 286 3400 enirn
309 3357 420 3400 omnes
444 3341 521 3421 post
543 3337 712 3400 interitum
732 3334 880 3402 Caesaris
902 3360 1061 3404 novarum
1083 3344 1208 3424 pertur-

197 3423 370 3487 bationum
398 3445 513 3488 causae
537 3423 647 3507 quaeri
671 3424 857 3488 viderentur
879 3425 985 3509 iisque
1008 3447 1079 3491 esse
1102 3449 1208 3494 oecur-
1299 3485 1300 3506 ἶ

197 3509 336 3574 rendum
357 3513 556 3594 putaremus,
579 3511 685 3576 omnis
707 3510 775 3575 fere
797 3515 912 3576 nostra
929 3513 964 3576 in
982 3513 1033 3578 his
1053 3514 1208 3581 delibera·
