2596 3882
181 159 248 224 318
545 157 595 212 DE
613 157 662 212 RE
679 157 836 213 PUBLIOA

181 302 359 388 diligentis
398 299 460 367 Sed
484 306 595 368 tamen
616 302 780 388 prioribus
804 301 951 386 equitum
972 301 1125 386 partibus
1148 322 1195 367 sc·

181 419 210 472 p.
224 393 273 472 38]
301 391 413 456 cundis
442 390 561 456 additis
584 411 625 453 00
651 410 685 458 10
710 407 773 456 ccc
799 389 878 455 fecit
902 388 906 471 Ι
931 390 1057 473 equites
1083 411 1198 454 uume-

181 500 318 563 rumque
351 478 539 564 duph‘cavit.
581 477 702 543 Postea
732 479 820 543 bello
848 478 979 563 subegit
1006 476 1198 562 Aequorum

182 589 336 652 magnam
364 571 494 652 gentem
523 571 556 630 et
577 566 718 632 ferocem
742 571 776 630 et
797 566 894 631 rebus
917 565 1031 651 populi
1053 566 1199 631 Romani

181 654 414 740 imminentem,
437 655 587 738 idemque
610 652 749 720 Sabinos
772 676 846 719 eum
868 677 888 720 a
910 654 1080 720 moenibus
1102 655 1198 719 urbis
1226 674 1241 715 s

181 744 392 828 reppulisset,
426 743 574 827 equitatu
607 743 691 810 rudit
723 743 875 828 belloque
907 742 1034 808 devicit.
1083 743 1198 826 Atque

182 833 318 898 eundem
349 831 492 916 primurn
523 831 618 895 ludos
649 831 825 914 maximos,
857 830 913 915 qui
944 829 1085 896 Romani
1116 831 1199 896 dicti

183 923 273 1004 sunt,
304 918 420 984 fecisse
453 919 635 1004 accepimus
663 919 838 1003 aedemque
869 919 905 984 iu
932 917 1096 1004 Capitolio
1122 917 1199 984 Iovi

183 1008 309 1093 optimo
336 1007 478 1072 maximo
506 1007 594 1072 bello
618 1004 739 1071 Sabino
766 1008 802 1070 in
828 1007 902 1092 ipsa
928 1029 1040 1093 pugne
1066 1007 1199 1072 vovisse

182 1124 209 1176 p.
228 1098 278 1176 31]
301 1093 492 1179 facientdam
510 1099 739 1179 mortuumque
758 1116 838 1180 esse,
860 1117 934 1162 cum
952 1096 1198 1180 duodequadra-
1212 1118 1237 1157 io

184 1183 277 1270 ginta
299 1183 504 1269 regnavisset
527 1205 638 1249 annos.

129 1256 171 1319 21
249 1271 333 1336 Tum
356 1271 499 1336 Laelius:
527 1271 622 1338 Ntmc
648 1272 688 1336 fit
714 1271 796 1337 illud
819 1270 954 1338 Catonis
977 1272 1109 1357 certius,
1135 1294 1199 1338 nec

129 1333 162 1382 ³⁷
182 1359 340 1444 temporis
370 1361 464 1424 unius
494 1381 554 1426 uec
583 1360 725 1425 hominis
754 1382 824 1425 esse
852 1360 1119 1426 constitutionem
1146 1361 1198 1426 rei

181 1449 346 1534 publicam
368 1448 576 1534 perspicuum
599 1453 651 1513 est
669 1449 763 1533 enim,
787 1454 910 1532 quanta
927 1449 963 1513 in
981 1449 1129 1536 singulos
1147 1470 1198 1514 re-

183 1558 240 1623 ges
265 1558 374 1601 rerum
397 1537 556 1601 bonarum
580 1540 613 1601 et
631 1537 762 1600 utilium
783 1537 843 1601 fiat
866 1537 1016 1602 accessio.
1061 1535 1125 1602 Sed
1148 1559 1198 1602 se
1212 1559 1238 1600 rs

184 1625 294 1710 quitur
316 1624 354 1706 is,
380 1625 435 1708 qui
458 1625 539 1689 mihi
561 1625 691 1689 videtur
714 1647 752 1688 ex
776 1625 925 1690 omuibus
948 1626 983 1689 in
1004 1647 1040 1690 re
1062 1625 1198 1711 publica
1280 1671 1281 1688 .

182 1713 301 1778 vidisse
323 1713 509 1797 plurimum.
554 1713 608 1777 Ita
631 1717 694 1796 est,
716 1713 824 1796 inquit
847 1711 964 1799 Scipio.
1008 1712 1096 1778 Nem
1118 1718 1198 1799 post

181 1830 208 1882 p.
233 1803 282 1882 32]
320 1822 394 1865 eum
426 1798 556 1866 Servius
589 1799 724 1888 Tulllius
761 1801 886 1886 primus
921 1801 1046 1866 iniussu
1080 1802 1194 1887 populi

182 1888 370 1975 regnavisse
388 1891 539 1974 traditur,
558 1911 654 1974 quern
671 1889 782 1953 ferunt
800 1911 839 1954 ex
853 1912 947 1954 serva
960 1889 1197 1974 Tarquiniense

181 1982 305 2060 natum,
328 1999 401 2042 cum
425 1982 511 2043 essct
534 2000 572 2042 ex
596 1978 736 2062 quodam
759 1978 846 2064 regis
869 1978 988 2043 cliente
1011 1981 1196 2063 conceptus.
1211 2001 1237 2041 so

182 2065 244 2142 Qui
276 2088 349 2131 cum
378 2065 577 2131 famulorum
604 2069 640 2130 tc
665 2087 800 2130 numero
830 2066 983 2131 educatus
1011 2067 1053 2132 ad
1079 2067 1196 2151 epulas

181 2154 271 2240 regis
294 2153 477 2238 adsisteret,
499 2176 566 2218 non
588 2154 687 2218 latuit
710 2153 854 2219 scintilla
870 2155 1003 2240 ingenii,
1026 2176 1109 2239 quae
1127 2155 1197 2220 iem

182 2246 254 2308 tum
282 2242 430 2307 elucebat
456 2242 490 2306 in
518 2264 633 2328 puero,
660 2242 707 2308 sic
735 2245 805 2307 erat
832 2244 867 2306 in
895 2243 984 2308 omni
1010 2243 1063 2308 vel
1087 2243 1196 2309 officio

182 2332 235 2397 vel
259 2352 407 2396 sermone
430 2331 555 2396 sollers.
591 2330 707 2414 Itaque
720 2330 924 2415 Tarquinius,
947 2331 1003 2416 qui
1020 2331 1197 2397 admodum

182 2441 302 2505 parvos
324 2423 395 2482 tum
419 2417 556 2483 haberet
578 2419 708 2502 liberos,
731 2419 777 2484 sic
800 2416 949 2484 Servium
967 2419 1135 2506 diligebat,
1157 2425 1197 2485 ut
1210 2442 1237 2482 25

181 2537 210 2589 p.
225 2510 292 2590 291]
311 2507 341 2570 is
357 2507 425 2572 eius
439 2508 540 2594 vulgo
554 2505 738 2593 hetberetur
751 2507 847 2592 filius,
866 2511 965 2592 atque
978 2529 1052 2572 eum
1066 2530 1196 2574 summo

183 2596 291 2662 studio
315 2595 465 2660 omnibus
489 2595 529 2659 iis
548 2596 683 2680 artibus,
707 2617 788 2679 quas
806 2596 877 2682 ipse
896 2596 1060 2680 didicerat,
1084 2597 1125 2660 ad
1143 2618 1196 2661 ex-

128 2698 163 2748 88
184 2683 432 2770 quisitissimam
455 2684 720 2748 consuetudinem
744 2682 942 2749 Graecorum
967 2683 1092 2749 erudiit.
1132 2682 1195 2750 Sed

138 2817 141 2824 ·
183 2796 257 2840 cum
279 2770 475 2856 Tarquinius
503 2772 630 2836 insidiis
653 2771 737 2836 Anci
763 2772 907 2837 filiorum
933 2772 1100 2837 interisset
1123 2771 1197 2839 Ser-

182 2862 327 2945 viusque,
349 2863 387 2924 ut
406 2862 482 2924 ante
501 2859 575 2944 dixi,
598 2881 734 2946 regnare
753 2860 914 2945 coepisset
930 2882 997 2926 non
1015 2861 1114 2944 iussu,
1138 2863 1197 2927 sed
1210 2871 1243 2924 so'

182 2950 353 3016 voluntate
381 2951 479 3032 atque
502 2969 656 3014 concessu
678 2947 811 3030 civium,
838 2949 937 3032 quod,
964 2970 1038 3014 cum
1060 2949 1198 3034 Tarqui·

183 3066 210 3118 p.
230 3039 297 3118 292]
324 3035 399 3100 nius
428 3057 467 3100 ex
493 3036 626 3100 vulnere
654 3031 761 3122 seiger
787 3035 888 3101 fuisse
917 3041 950 3102 et
978 3037 1087 3102 vivere
1109 3037 1196 3105 falso
1282 3067 1283 3138 p

184 3126 358 3208 diceretur,
384 3123 442 3188 illc
465 3123 556 3210 regio
580 3128 699 3189 ornatu
721 3124 771 3188 ius
795 3123 931 3189 dixisset
957 3124 1197 3211 obaeratosque

183 3213 320 3298 pecunia
342 3233 402 3276 sue
423 3211 630 3277 liberavisset
647 3211 815 3296 multaque
834 3213 988 3278 comitate
1007 3235 1085 3278 usus
1103 3214 1198 3281 iussu

184 3299 354 3384 Tarquinii
380 3320 416 3364 se
438 3300 490 3364 ius
513 3299 618 3366 dicere
640 3300 858 3385 probavisset,
884 3323 951 3367 uon
973 3302 1139 3367 commisit
1160 3326 1197 3370 se
1210 3322 1237 3364 es

183 3388 348 3472 patribus,
377 3387 433 3451 sed
454 3386 631 3471 Tarquinio
659 3388 788 3472 sepulto
815 3389 973 3473 populum
1000 3389 1040 3454 de
1067 3411 1101 3455 se
1123 3391 1197 3477 ipse

183 3475 348 3540 consuluit
369 3473 541 3560 iussusque
563 3496 700 3560 regnare
723 3475 830 3561 legem
852 3477 892 3541 de
909 3477 1046 3562 imperio
1064 3499 1124 3545 suo
1142 3501 1197 3546 eu·
