2578 3874
174 144 241 208 426
453 161 456 166 ⁴
567 143 617 198 DE
635 143 789 200 LEGIBUS

121 300 157 350 54
175 287 306 353 doctum
341 287 507 354 hominem
539 309 631 371 sane,
666 288 757 354 cuius
787 288 851 354 fuit
882 288 1001 355 Accius
1032 288 1190 374 perfami-

175 375 280 460 liaris,
304 377 360 441 scd
382 398 535 461 mensem,
558 377 662 461 credo,
685 380 865 443 extremum
888 378 974 461 anni,
996 381 1034 441 ut
1055 382 1188 442 veteres

173 461 396 549 Februarium,
413 466 460 530 sic
476 465 530 531 hic
543 464 755 530 Decembrem
770 466 974 551 sequebatur.
996 464 1115 531 Hostia
1129 487 1188 530 au·

120 556 242 678 22tem
260 554 401 618 maxima
418 557 591 655 parentare
608 554 741 638 pietatis
754 575 824 618 esse
836 555 1023 620 adiunctum
1033 555 1185 639 putabat.

121 691 156 740 ω
173 733 208 795 i
230 639 565 816 gruirnius
579 642 1219 817 alralu⁰ssro0urulczz⁵

173 822 304 884 nostros
322 818 362 882 A.
380 817 565 902 Torquatus
587 818 623 883 in
641 823 739 904 gente
804 820 898 904 pillia
915 819 1079 884 iudicavit.
1113 817 1185 884 Nec

173 928 250 971 vero
273 909 343 971 tam
365 907 537 990 denicales,
559 929 642 991 quae
661 929 681 972 a
698 928 739 972 ne
758 929 775 972 c
793 908 978 992 appellatae
996 911 1082 993 sunt,
1106 907 1186 992 quia

173 995 356 1060 residentur
378 995 526 1078 mortuis,
548 1017 646 1079 quam
669 989 850 1061 ceterorum
872 996 1061 1062 caelestium
1080 996 1186 1080 quieti

173 1083 241 1148 dies
260 1082 383 1147 feriae
402 1084 657 1167 nominarentur,
673 1083 738 1148 nisi
756 1085 895 1148 maiores
913 1105 980 1168 eos,
998 1084 1054 1169 qui
1067 1107 1107 1149 ex
1120 1084 1185 1149 hac
1199 1106 1228 1144 ιο

172 1171 242 1235 vita
255 1171 461 1256 migrassent,
474 1172 509 1236 in
524 1171 656 1237 deorum
669 1177 804 1238 numero
819 1194 889 1238 esse
903 1173 1092 1238 voluissent.
1115 1173 1184 1237 Eas

172 1259 207 1322 in
230 1281 285 1324 eos
308 1259 376 1324 dies
399 1259 544 1325 conferre
566 1260 627 1344 ius,
649 1264 686 1324 nt
707 1283 766 1326 nec
788 1261 891 1344 ipsius
908 1282 1013 1346 neque
1031 1261 1184 1346 publicae

171 1346 272 1412 feriae
295 1348 375 1431 sint;
402 1351 536 1432 totaque
558 1347 654 1413 huius
676 1349 756 1413 iuris
779 1349 961 1434 conpositio
984 1349 1183 1434 pontificalis

173 1456 326 1521 magnam
348 1436 540 1522 religionem
563 1437 856 1522 caerimoniamquc
879 1439 1031 1503 declarat.
1067 1436 1183 1522 Neque

172 1545 302 1590 necesse
325 1529 376 1590 est
399 1525 532 1589 edisseri
555 1547 575 1590 a
596 1525 700 1606 nobie,
724 1547 806 1610 quae
828 1527 903 1590 finis
920 1525 1070 1592 funestae
1087 1526 1224 1591 fami-1⁵

172 1613 249 1696 liae,
274 1613 361 1696 quod
384 1635 485 1699 genus
508 1613 657 1678 sacrificii
679 1612 757 1678 Lari
778 1615 966 1680 vervecibus
988 1615 1061 1698 fiat,
1085 1637 1183 1699 quem

172 1701 214 1765 ad
240 1701 372 1766 modum
399 1722 436 1767 os
462 1705 624 1766 resectum
649 1705 738 1766 terra
761 1703 949 1788 obtegatur,
977 1725 1124 1787 quaeque
1147 1704 1184 1767 in

172 1810 272 1873 porca
301 1793 468 1855 contracta
496 1790 569 1855 iura
596 1791 675 1873 sint,
706 1811 769 1874 quo
797 1794 945 1876 tempore
970 1791 1107 1876 incipiat
1135 1813 1183 1856 se·

171 1877 343 1961 pulchrum
367 1899 437 1942 csse
460 1883 493 1942 et
515 1878 672 1963 religione
694 1882 853 1944 teneatur.

118 1975 153 2026 oo
239 1966 287 2028 At
313 1965 394 2030 mihi
421 1967 550 2049 quidem
577 1967 840 2050 antiquissimum
868 1967 1054 2052 sepulturae
1078 1989 1182 2054 genus
1196 1987 1223 2027 ao

170 2053 253 2117 illud
270 2052 371 2118 luisse
391 2054 527 2138 videtur,
544 2076 608 2138 quo
630 2055 716 2140 apud
731 2054 981 2140 Xenophontem
997 2054 1103 2139 Cyrus
1120 2057 1182 2121 uti·

171 2143 240 2224 tur,
261 2141 406 2206 redditur
429 2142 514 2207 enim
537 2146 642 2208 terrae
665 2165 781 2229 corpus
805 2148 838 2208 et
855 2143 905 2209 ita
922 2144 1066 2210 locatum
1084 2167 1122 2211 ac
1140 2145 1182 2210 si·

170 2233 243 2294 tum
257 2230 351 2315 quasi
364 2231 564 2314 operimento
579 2232 693 2295 matris
708 2232 887 2296 obducitur.
913 2231 1101 2317 Eodemque
1113 2233 1182 2298 ritu

170 2318 207 2383 in
223 2340 261 2383 eo
271 2317 453 2403 sepulchro,
467 2319 553 2404 quod
562 2319 647 2384 baad
653 2321 767 2404 procul
777 2319 919 2385 aFontis
929 2343 987 2386 ara
996 2325 1055 2405 est,
1068 2343 1181 2408 regem

169 2410 319 2472 nostrum
328 2405 471 2472 Numam
485 2407 649 2472 conditum
664 2409 845 2493 accepimus
860 2413 1053 2495 gentemque
1063 2408 1181 2476 (lorne-
1194 2429 1221 2469 2⁵

170 2494 249 2558 liam
267 2516 369 2579 usque
384 2496 425 2560 ad
438 2496 629 2562 memoriam
641 2501 789 2562 nostram
802 2497 863 2562 hac
878 2499 1046 2581 sepultura
1060 2498 1180 2564 scimus

171 2604 241 2647 esse
259 2605 361 2648 usam.
397 2582 432 2648 Ο.
450 2583 547 2648 Marii
564 2585 645 2649 sitas
663 2585 818 2668 reliquias
837 2585 924 2669 apud
939 2587 1100 2652 Anienem
1118 2586 1181 2651 dis·

171 2671 272 2756 sipari
289 2671 386 2736 iussit
400 2669 491 2737 Sulla
508 2672 614 2737 victor
632 2673 796 2739 acerbiore
810 2673 884 2739 odio
898 2674 1062 2760 incitatus,
1081 2697 1180 2759 quam

117 2761 199 2824 orsi
230 2764 296 2824 am
327 2759 456 2845 sapiens
482 2760 612 2844 fuisset,
644 2783 743 2845 quam
768 2762 832 2827 fuit
858 2762 1041 2827 vehemens.
1086 2761 1180 2838 Quod

170 2847 257 2912 haud
285 2848 351 2913 scio
380 2870 422 2913 an
448 2849 567 2914 timens
593 2870 633 2913 ac
659 2871 717 2914 suo
746 2849 875 2934 corpori
901 2855 1013 2935 posset
1036 2851 1180 2916 accidere
1193 2870 1218 2909 ao

170 2936 295 3020 primus
319 2958 337 3001 e
359 2937 506 3021 patriciis
529 2935 688 3002 Corneliis
711 2938 781 3022 igni
803 2938 908 3004 voluit
931 2939 1076 3004 cremari.
1117 2938 1180 3004 De·
1285 2949 1286 2963 ¹

170 3024 274 3088 clarat
302 3024 388 3089 enim
414 3023 538 3090 Ennius
566 3024 605 3090 de
632 3026 801 3093 Africano:
831 3025 918 3091 ‘Hic
945 3031 1004 3092 est
1030 3027 1100 3093 ille
1130 3028 1180 3092 si·

169 3111 258 3177 tus'.
302 3111 400 3197 Vere3
431 3136 509 3180 nam
536 3113 606 3178 siti
633 3113 783 3179 dicuntur
803 3114 841 3198 ii,
871 3114 927 3199 qui
950 3115 1072 3181 conditi
1094 3120 1179 3182 sunt

170 3196 240 3264 Nec
266 3203 377 3265 tamen
404 3223 516 3267 eornm
543 3206 618 3266 ante
642 3202 849 3287 sepulchrum
877 3207 940 3286 est,
970 3225 1069 3288 quam
1090 3203 1179 3269 iusta

170 3286 259 3351 facta
285 3291 318 3350 et
339 3297 456 3372 porcus
479 3311 591 3356 caesus
616 3294 674 3354 est,
719 3290 764 3354 nt
787 3291 873 3375 quod
895 3313 981 3356 nunc
1003 3293 1216 3358 commi-³⁵

166 3377 223 3436 ter
244 3374 280 3438 in
298 3376 448 3442 omnibus
467 3378 603 3462 sepultis
621 3378 712 3442 venit
729 3399 799 3462 usu,
818 3384 855 3442 al
871 3379 998 3444 humati
1021 3379 1178 3466 dicantur,

170 3459 205 3523 id
228 3464 298 3525 erat
320 3467 488 3548 proprium
510 3469 582 3529 tum
602 3465 638 3529 in
659 3465 710 3550 iis,
733 3486 814 3550 quos
831 3465 950 3532 humus
968 3467 1087 3534 iniecta
1105 3490 1179 3534 con·
