2630 3890
284 223 294 248 .
399 188 884 256 1111.Π.11Ρ.4-1.111-11.
988 189 990 203 “
1073 189 1137 254 201

128 333 289 398 abducere
311 333 544 398 divinationem
566 354 702 417 eamque
724 333 772 398 ita
796 333 940 398 definire:
968 332 1139 398 divinatio·

127 443 206 486 nem
233 442 304 486 esse
332 443 443 486 earum
457 442 578 486 rerum
604 420 858 506 praedictionem
885 424 919 486 et
940 420 1139 506 praesensio-

128 531 214 593 nem,
237 531 319 594 quae
339 513 447 574 essent
464 508 628 574 fortuitae.
658 508 805 574 Primum
824 508 936 574 eodem
953 509 1139 574 revolveris

129 597 218 662 Nam
245 601 279 662 et
305 597 421 662 medioi
448 600 483 661 et
510 598 736 684 gubernatoris
764 602 797 662 et
819 597 1026 682 imperatoris
1046 618 1139 682 'prae-

13 721 14 726 1
101 685 239 750 ssensio
263 689 314 751 est
336 708 444 751 rerum
465 684 686 750 fortuitarum.
730 683 819 750 Num
841 685 944 771 igitur
967 689 1024 750 aut
1044 685 1140 750 haru-

130 796 210 858 spex
238 777 295 838 aut
321 796 426 860 augur
454 777 512 838 aut
537 778 630 839 vates
658 774 730 859 quis
754 777 811 838 aut
834 773 1000 838 somnians
1023 773 1139 838 melius

131 862 305 928 coniecerit
328 866 384 927 aut
407 884 425 926 e
447 863 562 927 morbo
586 884 758 927 evasurum
781 865 952 948 aegrotum
975 865 1032 926 aut
1052 883 1069 926 e
1086 883 1141 946 pe·

130 951 236 1015 rioulo
258 972 374 1015 navem
398 954 455 1015 aut
477 972 516 1014 ex
533 949 659 1014 insidiis
678 951 854 1015 exereitum
873 972 971 1035 quam
989 949 1140 1033 medieas,

89 1148 117 1188 ,ο
131 1039 797 1210 {amittatistultbttbi
816 1038 1141 1211 terestres.
1160 1054 1191 1104 ¹⁴

132 1216 244 1280 dentes
271 1215 464 1300 quibusdam
495 1215 695 1300 praesentire
727 1215 830 1300 signis
861 1212 910 1300 (in
937 1236 1000 1299 quo
1026 1218 1141 1280 nostra

131 1303 290 1388 quaedam
304 1303 428 1368 Aratea
441 1304 628 1368 memoriter
646 1326 666 1368 a
683 1307 717 1368 te
734 1303 947 1388 pronuntiata
960 1301 1060 1390 sunt),
1079 1303 1141 1367 etsi

130 1392 212 1457 haee
233 1392 306 1476 ipsa
327 1391 465 1457 fortuita
488 1395 572 1476 sunt,
594 1392 785 1477 plerumque
808 1392 902 1475 enim,
924 1413 990 1456 non
1013 1412 1141 1476 semper

131 1479 293 1545 eveniunt.
326 1478 415 1556 Quae
429 1483 480 1545 est
497 1481 600 1566 igitur
619 1484 676 1545 aut
693 1479 751 1544 ubi
768 1483 917 1544 versatur
930 1479 1141 1544 fortuitarum

90 1587 240 1634 raretum
268 1568 469 1653 praesensio,
501 1590 599 1652 quam
628 1568 860 1633 divinationem
886 1569 1006 1633 vocas?
1052 1566 1141 1644 Quae

132 1656 218 1722 enim
249 1657 443 1740 praesentiri
475 1661 532 1722 aut
564 1659 635 1722 arte
666 1661 724 1722 aut
755 1656 881 1721 ratione
908 1660 966 1720 aut
993 1677 1055 1721 usu
1083 1659 1142 1721 aut

84 1805 85 1808 ,
132 1744 316 1810 oonieotura
344 1747 495 1830 possunt,
525 1767 564 1810 ea
591 1767 658 1810 non
687 1744 805 1810 divinis
834 1744 1008 1809 tribuenda
1034 1748 1141 1829 putas,

132 1833 190 1898 sed
220 1833 344 1919 peritis.
389 1833 442 1898 Ita
468 1833 677 1917 relinquitur,
708 1836 746 1898 nt
773 1855 811 1898 ea
836 1832 975 1898 fortuita
1002 1833 1141 1898 divinari

131 1921 272 2007 possint,
301 1943 383 2006 quae
410 1922 502 1986 nulla
528 1943 588 1986 neo
616 1925 685 1986 arte
711 1943 770 1986 neo
793 1921 955 2006 sapientia
976 1921 1142 2006 provideri

92 2029 118 2069 ao
131 2013 283 2094 possunt3
306 2013 352 2092 ut,
375 2010 404 2074 si
427 2011 498 2094 quis
516 2009 560 2074 M.
578 2009 768 2075 Marcellum
790 2010 893 2094 illum,
917 2009 973 2094 qui
995 2013 1046 2074 ter
1069 2031 1141 2075 oon·

132 2097 184 2162 sul
214 2097 291 2180 fuit,
323 2097 436 2162 multis
468 2098 561 2163 annis
594 2102 670 2163 ante
700 2098 834 2162 dixisset
865 2097 1038 2184 naufragio
1070 2119 1141 2163 esse

131 2186 326 2271 periturum,
354 2186 532 2252 divinasset
558 2187 719 2272 profecto,
745 2187 837 2251 nulla
864 2187 950 2251 enirn
978 2190 1049 2251 arte
1075 2186 1141 2252 1111

131 2274 165 2338 id
192 2295 251 2339 nee
275 2274 435 2359 sapientia
459 2275 540 2340 seire
562 2276 732 2360 potuisset.
769 2274 898 2340 Talium
922 2296 1000 2360 ergo
1023 2296 1141 2357 rerum,

133 2384 215 2447 quae
237 2361 272 2426 in
293 2361 427 2428 fortuna
446 2363 573 2447 positae
592 2367 677 2447 sunt,
699 2364 885 2448 praesensio
905 2363 1063 2427 divinatio
1082 2365 1140 2427 est.

7 2479 8 2486 ¹
63 2469 141 2527 111,
198 2450 354 2515 Potestne
380 2450 484 2536 igitur
510 2473 621 2516 earum
650 2473 772 2535 rerum,
802 2473 885 2536 quae
911 2451 995 2514 nihil
1018 2451 1141 2514 habent
1160 2414 1195 2540 {35

131 2539 279 2622 rationis,
299 2561 398 2623 qnare
414 2539 544 2604 futurae
564 2539 639 2623 sint,
658 2561 729 2604 1111
742 2540 812 2604 ulla
824 2539 1034 2624 praesensio?
1057 2537 1142 2615 Quid

133 2631 183 2691 est
210 2627 297 2691 enim
324 2627 413 2692 aliud
438 2627 522 2713 fors,
552 2628 630 2711 quid
656 2628 802 2712 fortuna,
832 2627 909 2711 quid
932 2647 1041 2710 casus,
1065 2626 1142 2711 quid

132 2719 276 2799 eventus,
298 2715 363 2780 nisi
386 2738 459 2781 eum
478 2717 524 2781 sio
543 2716 664 2801 aliquid
683 2717 805 2800 oeoidit,
829 2715 875 2780 eie
894 2713 1010 2798 evenit,
1032 2717 1070 2778 ut
1088 2716 1140 2780 vel

132 2804 229 2868 aliter
251 2804 364 2868 eadere
387 2808 485 2888 atque
509 2804 636 2870 evenire
658 2805 825 2889 potuerit?
857 2800 927 2878 Quo
945 2803 1043 2868 modo
1061 2823 1140 2888 ergo

94 2892 178 2975 aoid,
206 2892 292 2976 quod
319 2895 441 2958 temere
467 2893 506 2956 fit
533 2915 627 2958 caeco
651 2915 728 2958 oasu
751 2895 784 2957 et
805 2890 1014 2957 volubilitate
1037 2891 1141 2955 fortu-

132 3002 202 3064 nae,
224 2981 419 3064 praesentiri
441 2984 475 3045 et
496 2980 639 3066 praedici
660 2981 792 3066 potest?
823 2979 967 3044 Medicus
991 2980 1141 3044 morbum
1162 2993 1195 3042 lo

132 3069 412 3154 ingravescentem
444 3069 571 3134 ratione
599 3069 761 3154 providet,
793 3068 928 3132 insidias
954 3067 1142 3154 imperator,

7 3149 12 3172 '
132 3160 345 3244 tempestates
369 3157 582 3242 gubernatam
605 3161 639 3222 et
659 3161 771 3222 tamen
787 3156 813 3220 ii
829 3156 893 3241 ipsi
911 3177 1008 3242 saepe
1024 3156 1142 3222 fallun-

132 3248 200 3329 tur,
231 3245 287 3330 qui
313 3244 396 3308 nihil
425 3245 494 3310 sine
521 3249 611 3310 serta
633 3246 760 3310 ratione
783 3245 972 3330 opinantur3
998 3246 1142 3331 1111311-

95 3350 119 3391 a
134 3334 218 3418 oola,
241 3355 315 3398 oum
338 3333 451 3397 florem
475 3333 565 3398 oleae
587 3333 689 3417 videt,
711 3334 826 3398 baoam
850 3354 977 3417 quoque
999 3353 1035 3400 se
1058 3333 1144 3399 visu-

132 3443 204 3486 ram
236 3424 347 3506 putat,
378 3442 445 3485 non
476 3421 545 3485 sine
577 3421 703 3486 ratione
733 3421 791 3486 1111
819 3421 962 3506 quidem;
994 3422 1050 3486 sed
1076 3443 1143 3486 non

132 3531 310 3594 numquam
343 3512 454 3573 tamen
483 3509 642 3574 fallitur„
673 3506 795 3585 Quodsi
825 3509 986 3574 falluntur
1016 3509 1054 3594 ii,
1087 3509 1144 3592 qui
