2630 3890
165 143 229 210 188
529 141 579 198 DE
597 142 839 200 DIVlNA'I'lONE

165 288 268 356 Credo
297 289 398 355 etiam
421 288 585 354 anhelitus
608 287 766 372 quosdam
787 287 888 354 firisse
910 291 1081 374 terrarum,
1105 287 1174 373 qui·

163 379 225 444 bus
248 378 381 460 inflatae
404 379 531 442 mentes
555 377 664 442 oracla
685 376 865 442 funderent.

113 467 153 533 51
227 466 336 551 Atque
353 467 435 531 haec
453 465 583 550 quidem
600 464 725 530 vatium
743 465 827 530 ratio
847 468 907 549 est,
928 486 987 530 nec
1006 464 1173 530 dissimilis

165 576 243 620 sane
266 555 474 620 somniorum.
512 551 600 618 Nam
618 574 700 638 quae
717 553 932 640 vigilantibus
951 553 1100 618 accidunt
1119 575 1173 619 va·

165 643 264 727 tibus,
286 643 398 708 eadem
420 641 515 708 nobis
539 641 782 707 dormientibus.
818 641 919 728 Viget
941 641 1027 706 enim
1045 641 1172 706 animus
1201 656 1215 697 ⁵

165 731 201 796 in
228 731 351 796 somnis
380 731 464 795 liber
491 730 534 796 ab
558 729 705 795 sensibus
729 729 880 814 omnique
901 729 1099 814 inpeditione
1122 752 1174 795 cu·

165 841 277 885 rarum
307 819 432 886 iacente
465 821 498 883 et
530 821 659 883 mortuo
690 838 792 903 paene
820 839 963 902 corpore.
1009 816 1071 894 Qui
1098 818 1174 902 quia

166 908 248 973 vixit
276 909 318 973 ab
346 906 435 973 omni
462 907 655 972 aeternitate
681 909 893 991 versatusque
916 909 966 971 est
989 927 1061 972 oum
1083 906 1174 970 innu-

166 996 378 1061 merabilibus
398 994 523 1079 animis,
542 994 660 1079 omnia,
678 1015 760 1078 quae
778 994 813 1059 in
830 997 950 1059 natura
966 1015 1076 1059 rerum
1089 998 1175 1078 sunt,

167 1084 265 1168 videt,
288 1084 317 1148 si
339 1083 435 1148 modo
458 1083 648 1168 temperatis
672 1082 753 1148 escis
772 1082 969 1167 modicisque
986 1081 1217 1167 potionibus1⁰

167 1173 216 1237 ita
239 1175 289 1236 est
312 1171 467 1255 adfectus,
489 1174 527 1235 ut
550 1170 658 1255 sopito
681 1192 815 1256 corpore
837 1171 907 1256 ipse
929 1171 1054 1256 vigilet.
1085 1169 1176 1236 Haec

117 1273 167 1323 116
182 1260 375 1326 somniantis
399 1264 450 1324 est
473 1259 638 1325 divinatio.
674 1257 737 1324 Hic
759 1280 880 1345 magna
899 1259 1056 1344 quaedam
1075 1259 1176 1324 exori·

167 1352 231 1434 tur,
244 1369 348 1433 neque
363 1369 402 1412 ea
414 1347 583 1432 naturalis,
598 1347 655 1413 sed
668 1346 844 1413 artificiosa
858 1347 1057 1413 somniorum
1070 1345 1176 1429 [Anti-
1307 1423 1309 1431 ἢ

171 1437 314 1526 phontis]
333 1435 561 1521 interpretatio
576 1436 751 1519 eodemque
765 1435 862 1501 modo
876 1439 910 1501 et
924 1436 1128 1501 oraculorum
1142 1439 1176 1500 et
1308 1451 1311 1522 j

171 1524 437 1590 vaticinationum
465 1526 555 1605 [sunt
580 1524 666 1588 enim
690 1524 929 1609 explanatores,
957 1527 995 1588 ut
1016 1538 1217 1610 gramma-15

168 1613 226 1679 tici
248 1615 442 1699 potiturum}
478 1610 564 1677 Nam
584 1615 622 1677 ut
641 1633 755 1676 aurum
773 1615 807 1677 et
825 1616 1006 1699 argentum,
1028 1633 1093 1696 aes,
1114 1611 1176 1676 fer·

168 1724 241 1766 rum
266 1701 390 1766 frustra
416 1703 535 1765 natura
564 1700 674 1764 divina
696 1701 874 1786 genuisset,
900 1701 965 1765 nisi
988 1700 1099 1766 eadem
1122 1700 1177 1765 do·

169 1789 298 1875 suisset,
317 1810 413 1874 quem
432 1789 473 1853 ad
491 1788 622 1853 modum
641 1788 683 1853 ad
701 1810 812 1854 eorum
830 1810 928 1854 venas
945 1789 1176 1874 perveniretur,

168 1899 227 1943 neo
249 1876 360 1962 fruges
383 1880 489 1942 terrae
512 1877 650 1942 bacasve
673 1876 826 1942 arborum
850 1899 923 1943 cum
945 1876 1089 1942 utilitate
1107 1877 1177 1942 ulla
1308 1952 1314 1957 4

170 1965 282 2052 generi
308 1966 450 2030 humano
479 1964 633 2048 dedisset,
660 1965 725 2030 nisi
750 1985 860 2030 earum
883 1967 989 2032 cultus
1013 1968 1047 2030 et
1069 1965 1176 2031 condi·
1191 1983 1218 2024 ao

168 2053 274 2118 tiones
308 2053 511 2137 tradidisset,
542 2053 718 2118 materiave
746 2054 917 2139 quicquam
942 2054 1082 2139 iuvaret,
1113 2053 1177 2118 nisi
1310 2068 1312 2101 ³

170 2141 384 2208 consectionis
413 2141 480 2206 eius
502 2141 662 2207 fabricam
689 2140 896 2227 haberemus,
924 2143 970 2207 sic
993 2164 1066 2207 cum
1089 2142 1178 2207 omni

136 2249 138 2254 ·
169 2228 323 2314 utilitate,
347 2251 445 2314 quam
463 2229 496 2293 di
513 2229 699 2294 hominibus
718 2229 882 2316 dederunt,
905 2252 958 2295 ars
977 2231 1088 2315 aliqua
1105 2252 1178 2296 con·
1312 2251 1313 2272 ¹

169 2318 280 2383 iuncta
303 2321 363 2402 est,
384 2339 443 2403 per
466 2339 563 2402 quam
581 2317 641 2382 illa
658 2318 785 2383 utilitas
803 2319 926 2404 percipi
943 2319 1057 2403 possit.
1092 2317 1177 2383 Item
1306 2355 1313 2402 4

168 2406 272 2493 igitur
300 2406 448 2490 somniis,
479 2405 780 2492 vaticinationibus,
812 2407 943 2490 oraclis,
971 2407 1057 2491 quod
1077 2411 1177 2472 ‘erant
1191 2423 1217 2464 2⁵

169 2496 274 2560 multa
296 2495 451 2579 obscura,
474 2494 578 2560 multa
601 2495 763 2582 ambigua,
787 2494 1031 2580 explanationes
1054 2494 1178 2561 adhibi·

168 2587 261 2649 taes
307 2584 568 2668 tinterpretum.

119 2683 169 2732 11⁷
237 2670 307 2748 Quo
330 2671 426 2737 modo
450 2675 559 2736 autem
582 2675 639 2736 aut
660 2675 752 2736 vates
775 2675 833 2736 aut
855 2672 1053 2737 somniantes
1076 2694 1115 2737 ea
1132 2671 1178 2736 vi·

170 2760 276 2844 deant,
299 2781 381 2845 quae
401 2781 562 2844 nusquam
581 2759 775 2825 etiamtunc
794 2759 868 2843 sint,
891 2781 1011 2846 magns
1029 2759 1176 2845 quaestio

170 2852 228 2913 est.
273 2845 337 2913 Sed
367 2848 536 2932 explorate
566 2847 594 2912 si
617 2847 684 2911 sint
706 2868 758 2932 ea,
788 2868 870 2931 quae
893 2852 969 2914 ante
993 2848 1104 2934 quaeri
1127 2849 1177 2912 de
1191 2865 1217 2904 ³⁰

169 2937 279 3022 beant,
302 2936 368 3000 sint
389 2937 478 3020 haec,
502 2957 583 3020 quae
607 2935 799 3020 quaerimus,
821 2934 979 3003 faciliora.
1023 2935 1178 3002 Continet

171 3024 257 3089 enim
283 3027 390 3089 totam
416 3024 501 3089 hanc
528 3022 750 3108 quaestionem
773 3044 812 3087 ea
833 3024 933 3110 ratio,
960 3046 1042 3109 quae
1066 3028 1116 3090 est
1139 3023 1178 3090 de

168 3115 287 3176 natura
311 3111 454 3196 deorum,
476 3133 558 3196 quae
581 3133 601 3176 a
622 3114 656 3176 te
680 3110 818 3177 seeundo
841 3111 926 3178 libro
948 3115 999 3177 est
1017 3113 1179 3198 explicata
1311 3136 1315 3143 ’

169 3198 317 3264 dilucide.
355 3198 459 3275 Quam
482 3200 511 3264 si
534 3199 727 3282 obtinemus,
750 3199 853 3264 stabit
874 3200 966 3284 illud,
989 3202 1076 3285 quod
1093 3200 1179 3265 hunc

146 3337 149 3349 .
169 3287 276 3352 locum
299 3287 457 3371 continet,
485 3287 524 3353 de
547 3309 611 3371 quo
635 3286 776 3372 agimus,
804 3309 873 3353 esse
897 3289 987 3372 deos,
1004 3293 1044 3354 et
1067 3311 1178 3355 eorum
1193 3305 1219 3346 ω

169 3374 375 3460 providentia
402 3376 557 3441 mundum
584 3374 818 3460 administrari,
849 3377 1041 3461 eosdemque
1069 3398 1181 3443 consu-

169 3463 237 3528 lere
255 3464 352 3528 rebus
370 3463 532 3549 humanis,
553 3485 612 3529 nec
632 3464 738 3528 solum
756 3464 926 3549 universis,
947 3485 1061 3530 verum
1080 3465 1180 3530 etiam
