2590 3880
199 142 220 206 6
505 141 913 198 nanrmasnaoaun:

198 307 266 352 non
288 287 396 351 solum
423 286 559 370 indooti,
589 286 768 351 sedetiam
791 287 879 352 dooti
902 287 1110 373 dissentient3
1135 310 1214 373 quo·
1281 367 1282 370 Ἴ

198 397 273 439 rum
296 374 464 460 opiniones
491 396 565 438 eum
587 367 657 440 tam
678 375 788 439 variae
816 376 883 440 sint
912 379 1045 461 tamque
1067 376 1153 442 inter
1177 399 1212 442 se

199 463 407 547 dissidentes,
437 463 578 527 alterum
606 462 679 528 fieri
706 463 854 548 profesto
881 468 1006 549 potest,
1031 467 1070 530 ut
1099 487 1213 530 earum

198 553 300 637 nulle,
323 552 465 616 alterum
482 554 570 616 eerte
591 572 658 617 non
675 554 795 636 potest,
816 555 855 616 ut
877 553 952 637 plus
970 575 1036 619 una
1057 575 1136 618 vera
1158 554 1213 619 sit.

164 639 271 717 adue
298 639 428 725 quidem
453 639 489 704 in
515 661 614 704 eausa
635 642 669 704 et
694 639 864 705 benivolos
888 640 1116 728 obiurgatores
1143 642 1241 726 pla-e

199 751 273 795 aare
296 731 329 793 et
355 727 484 793 invidos
506 727 746 813 vituperatores
774 728 942 794 confutare
965 751 1152 814 possumus,
1175 733 1214 794 ut

200 819 322 883 alteros
339 815 585 901 reprehendisse
603 816 778 901 paeniteat,
797 817 894 882 alteri
911 817 1062 883 didicisse
1080 840 1115 884 se
1135 840 1214 905 gau·

199 907 310 989 deant3
341 925 420 968 nem
447 904 503 989 qui
530 905 706 970 admonent
733 905 848 989 amice,
878 904 1013 972 docendi
1035 910 1125 992 sunt,
1156 929 1214 992 qul

163 1007 179 1056 a
198 993 327 1059 inimice
344 992 556 1077 insectantur,
573 993 760 1078 repellendi.
795 993 938 1058 Multum
956 998 1066 1076 autem
1079 995 1213 1060 fluxisse

198 1081 292 1148 video
316 1081 356 1145 de
377 1081 472 1145 libris
490 1081 621 1166 nostris,
645 1103 726 1167 quos
749 1082 925 1167 compluris
948 1082 1041 1149 brevi
1063 1087 1213 1169 tompore
1227 1102 1252 1140 1⁰

199 1169 370 1254 edidimus,
397 1169 589 1253 variumque
616 1190 798 1235 samonem
824 1169 947 1255 partim
969 1171 1213 1257 admirantium,

197 1259 283 1324 unde
304 1258 368 1324 hoo
389 1257 643 1347 philosophandi
665 1258 760 1323 nobis
784 1258 893 1324 subito
920 1259 1065 1326 studium
1087 1261 1213 1326 extitis-

198 1351 259 1432 set,
280 1346 412 1432 partim,
435 1346 512 1431 quid
535 1368 662 1431 queque
680 1346 719 1412 de
741 1368 777 1411 re
800 1347 881 1412 oerti
902 1347 1106 1434 haberemus,
1129 1349 1213 1414 seire

198 1435 407 1520 cupientium.
451 1434 566 1499 Multis
595 1434 695 1500 etiam
725 1435 812 1499 sensi
839 1435 990 1501 mirabile
1011 1436 1116 1502 videri
1138 1459 1213 1502 eam

196 1523 293 1590 nobis
320 1523 529 1608 potissimum
555 1524 729 1608 probatam
752 1545 823 1589 esse
845 1524 1103 1610 philosophiam,
1127 1542 1250 1610 quae1⁵

197 1614 304 1678 luoem
326 1611 468 1696 eriperet
485 1615 519 1676 et
541 1611 635 1696 quasi
655 1615 786 1678 nootem
804 1613 967 1697 quandam
989 1613 1086 1679 rebus
1110 1615 1213 1679 effim-

198 1702 301 1784 deret,
330 1700 539 1784 desertaeque
563 1699 753 1784 disciplinae
776 1704 809 1766 et
834 1700 901 1766 iam
928 1701 1053 1786 pridem
1076 1702 1213 1768 reliotae
1281 1781 1282 1784 Ἴ

197 1788 415 1875 patrocinium
427 1787 658 1873 necopinatum
676 1787 808 1854 anobis
827 1811 898 1854 esse
912 1793 1107 1876 susceptum.
1139 1789 1213 1856 Nos
1281 1791 1282 1798 '

198 1881 309 1943 autem
334 1899 395 1942 neo
422 1876 531 1941 subito
559 1876 723 1962 coepimus
749 1876 977 1963 philosophari
1004 1899 1064 1944 neo
1091 1878 1213 1944 medio-
1282 1946 1283 1949 ,

198 1988 285 2032 erem
314 1965 461 2050 aprimo
489 1968 637 2049 ternpore
664 1964 782 2030 aetatis
809 1965 845 2030 in
871 1988 909 2031 eo
936 1966 1045 2032 studio
1076 1988 1213 2052 operam
1227 1985 1251 2023 20

198 2075 373 2139 curamque
400 2053 659 2138 consumpsimus
683 2056 728 2138 et,
756 2075 829 2119 oum
855 2053 988 2118 minime
1010 2054 1213 2140 videbamur,

197 2146 270 2207 tum
292 2141 433 2208 maxime
454 2141 781 2226 philosophabamur,
805 2143 891 2226 quod
914 2145 947 2207 et
970 2142 1135 2209 orationes
1159 2144 1213 2210 de·

198 2230 326 2297 clarent
352 2229 492 2294 refertae
520 2229 792 2316 philosophorum
814 2230 984 2296 sententiis
1007 2235 1041 2301 et
1064 2231 1213 2298 doetissi-

198 2341 327 2385 morum
349 2318 519 2383 hominum
536 2318 789 2402 familiaritates,
812 2319 928 2403 quibus
947 2339 1075 2404 semper
1093 2321 1212 2387 domus

198 2411 312 2474 nostra
338 2404 462 2489 floruit,
485 2409 519 2470 et
541 2405 702 2492 prinoipes
725 2406 789 2490 illi,
812 2405 987 2491 Diodotus,
1009 2407 1120 2493 Philo,
1144 2409 1212 2474 An-
1227 2426 1251 2466 2⁵

164 2496 341 2580 rtioohus,
363 2493 570 2579 Posidonius,
594 2517 613 2560 a
636 2495 752 2579 quibus
775 2494 920 2560 instituti
947 2517 1068 2562 sumus.
1112 2496 1158 2564 Et
1182 2497 1212 2563 si

199 2583 308 2651 omnia
339 2581 566 2668 philosophiae
601 2586 777 2667 praecepta
807 2583 991 2649 referuntur
1023 2585 1065 2650 ad
1096 2585 1213 2671 vitam,

199 2672 398 2739 arbitramur
428 2691 488 2734 nos
518 2673 551 2735 et
582 2670 722 2754 publicis
744 2673 778 2734 et
808 2671 946 2756 privatis
977 2672 1013 2737 in
1043 2674 1140 2739 robus
1172 2697 1213 2739 ea

162 2758 411 2846 4praestitisse,
435 2779 517 2842 quae
535 2758 620 2823 ratio
643 2762 677 2822 et
695 2757 842 2824 doctrina
863 2760 1119 2845 praescripserit.
1152 2760 1213 2828 Sin

199 2851 309 2914 autem
328 2846 400 2932 quis
419 2846 564 2931 requirit,
587 2867 670 2930 quae
687 2867 786 2912 eausa
802 2869 862 2913 nos
885 2847 1051 2934 inpulerit,
1072 2850 1251 2918 ethaeos

198 2940 269 3001 tam
296 2956 369 3001 sero
396 2935 517 3000 litteris
539 2934 781 3019 manderemus,
807 2935 891 3000 nihil
914 2940 977 3021 est,
1007 2937 1093 3022 quod
1116 2959 1212 3025 expe·

199 3024 267 3088 dire
294 3029 365 3089 tam
390 3023 487 3089 feoile
514 3022 685 3109 possimus.
730 3021 817 3089 Nam
844 3046 918 3090 eum
945 3024 1013 3092 otio
1040 3025 1211 3113 languere
1283 3085 1284 3110 ,

198 3115 346 3266 third
363 3110 921 3287 lelfftlsshtttlttttl
938 3116 1211 3288 ,letatldt

1028 3253 1036 3285 l

197 3289 301 3374 ipsius
324 3289 373 3354 rei
399 3290 550 3376 publicae
572 3310 670 3354 eausa
696 3289 939 3376 philosophiam
961 3291 1083 3356 nostris
1106 3292 1211 3358 homi-
1224 3310 1251 3351 ea
1283 3301 1284 3362 l

197 3377 294 3443 nibus
318 3378 541 3464 explicandam
563 3377 678 3463 putavi
700 3377 812 3464 magni
839 3377 1028 3444 existimans
1050 3378 1210 3446 interesse

196 3465 240 3530 ad
263 3466 359 3533 decus
383 3471 417 3532 et
439 3467 480 3534 ed
503 3466 632 3533 laudem
655 3465 797 3534 civitatis
820 3487 873 3532 res
901 3469 971 3535 tam
993 3467 1103 3554 gravis
1127 3472 1211 3535 tam·
1283 3485 1284 3552 l
