2526 3880
169 122 212 186 74
476 118 525 173 DE
543 117 696 172 NATURA
714 114 870 171 DEORUM
965 146 969 151 »

167 265 419 332 inbecillitatem
446 262 623 328 difficultas
651 261 785 327 minime
808 260 896 326 cadit
918 261 954 325 in
975 261 1188 326 maiestatem

168 355 310 421 deorum.
355 352 407 419 Ex
430 374 495 435 quo
519 350 659 416 efficitur
681 350 724 434 id,
747 349 834 434 quod
855 349 1021 434 volumuS,
1050 350 1189 416 deorum

115 407 155 533 {²31
168 441 374 529 providentia
396 440 553 506 mundum
576 438 807 504 administrari.
843 436 948 522 Atqui
969 459 1102 503 necesso
1125 442 1188 522 est,

77 599 80 605 ,
168 554 241 597 cunr
262 530 329 595 sint
347 529 389 614 di,
413 527 557 594 simodo
576 530 661 610 sunt,
684 529 722 591 ut
735 525 883 612 profecto
897 529 984 610 sunt,
1007 526 1188 592 animantis

168 641 252 702 esse,
281 639 342 683 nec
371 616 478 682 solum
506 615 697 696 animantis,
727 615 784 679 sed
811 613 911 679 etiam
938 613 1077 679 rationis
1101 636 1189 680 corn·
1216 635 1229 674 s

167 711 262 794 potes
285 705 372 770 inter
395 725 493 789 seque
512 703 607 788 quasi
624 702 713 768 civili
731 701 957 768 conciliatione
976 706 1010 766 et
1029 703 1189 770 societate

169 795 374 877 coniunctos,
397 814 498 857 unum
521 791 677 857 mundum
700 793 738 856 ut
761 812 965 856 communem
988 812 1058 856 rem
1080 792 1191 877 publi-

117 899 149 948 79
169 905 242 950 cam
278 886 377 967 atque
413 880 528 946 urbem
565 879 710 964 aliquam
741 879 894 965 regentis.
946 876 1113 964 Sequitur,
1151 883 1191 945 ut

170 971 284 1038 eadem
308 972 351 1034 sit
369 969 405 1033 in
422 968 473 1053 iis,
496 990 578 1054 quae
596 968 740 1033 humano
757 967 793 1030 in
811 987 939 1053 genere,
956 968 1052 1052 ratio,
1073 969 1191 1034 eadem

169 1059 291 1126 veritas
322 1057 498 1141 utrobique
531 1056 575 1121 sit
607 1055 782 1140 eademque
814 1057 880 1141 lex,
912 1077 995 1140 quae
1027 1059 1078 1121 est
1105 1057 1192 1122 recti
1205 1077 1229 1115 ιο

169 1147 355 1234 praeceptio
374 1146 531 1231 pravique
551 1144 707 1229 depulsio.
738 1143 789 1208 Ex
809 1165 873 1228 quo
891 1144 1095 1230 intellegitur
1112 1169 1192 1231 pru·

171 1237 316 1301 dentiam
346 1255 473 1319 quoque
504 1236 537 1297 et
567 1235 711 1297 mentem
738 1253 759 1296 a
787 1230 855 1296 deis
880 1230 921 1296 ad
944 1231 1092 1298 homines
1116 1256 1191 1318 per-

170 1326 310 1406 venisse,
339 1323 381 1388 ob
405 1343 540 1407 eamque
564 1342 696 1386 causam
718 1318 879 1386 maiorum
901 1319 1063 1385 institutis
1086 1344 1191 1406 mens,

170 1413 260 1495 fides²
278 1411 393 1496 virtus,
411 1409 584 1476 concordia
602 1412 809 1475 consecratae
829 1412 863 1473 et
875 1407 1006 1493 publice
1020 1408 1191 1475 dedicatae

172 1503 256 1566 sunt.
294 1498 383 1575 Quae
407 1499 463 1582 qui
486 1497 637 1576 convenit
655 1518 754 1582 penes
774 1495 851 1562 deos
871 1517 941 1562 esse
959 1518 1090 1583 negare,
1114 1521 1191 1564 cum
1205 1515 1228 1556 15

171 1611 283 1654 eorum
302 1591 444 1674 augusta
462 1589 495 1651 et
513 1589 627 1651 sancta
641 1585 816 1651 simulacra
829 1587 1041 1651 veneremur?
1065 1584 1192 1662 Quodsi

171 1680 258 1742 inest
275 1677 310 1740 in
327 1675 497 1740 hominum
507 1695 625 1760 genere
646 1695 747 1757 mens,
764 1673 855 1756 fides,
873 1673 989 1757 virtus,
1007 1675 1191 1760 concordia,

172 1765 256 1831 unde
288 1764 369 1829 haec
398 1766 584 1829 interram
610 1762 675 1826 nisi
703 1762 745 1826 ab
773 1761 899 1846 superis
928 1761 1068 1828 defluere
1094 1767 1192 1849 potu·

172 1853 290 1918 erunt?
336 1850 482 1936 Cumque
511 1851 577 1916 sint
603 1851 639 1914 in
660 1850 756 1916 nobis
780 1851 966 1934 consilium,
991 1851 1091 1936 ratio,
1115 1875 1192 1938 pru·

173 1941 292 2025 dentia,
314 1961 445 2006 neccsse
469 1942 520 2004 est
543 1938 620 2004 deos
642 1938 723 2004 haec
740 1938 814 2023 ipsa
833 1939 954 2003 habere
972 1940 1108 2024 maiora,
1130 1962 1192 2007 nec
1205 1957 1227 1997 2⁰

174 2029 295 2095 habere
319 2029 435 2112 solum,
459 2027 516 2092 sed
539 2027 639 2092 etiam
660 2026 702 2092 iis
725 2027 775 2091 uti
797 2026 832 2091 in
855 2027 1016 2092 maxumis
1040 2032 1074 2093 et
1097 2032 1192 2115 optu-

119 2123 154 2173 80
173 2120 236 2183 mis
259 2117 370 2202 rebus3
392 2115 476 2181 nihil
500 2119 609 2180 autem
630 2135 690 2180 nec
713 2114 818 2179 maius
841 2136 901 2180 nec
919 2115 1036 2181 melius
1054 2118 1193 2202 mund03
1231 2194 1234 2200 ,

171 2226 303 2272 necesse
331 2208 383 2269 est
411 2225 489 2290 ergo
513 2226 587 2269 cum
610 2203 744 2268 deorum
767 2202 903 2269 consilio
927 2208 961 2268 et
982 2205 1193 2290 providentia
1240 2257 1242 2262 .

173 2292 405 2360 administrari.
436 2291 608 2357 Postremo
626 2313 701 2356 cum
721 2291 801 2356 satis
821 2290 1024 2357 docuerimus
1043 2293 1104 2358 hos
1119 2316 1192 2360 esse

173 2382 260 2467 deos,
285 2403 423 2466 quorum
446 2379 607 2466 insignem
630 2379 697 2445 vim
720 2384 755 2444 et
776 2379 950 2445 inlustrem
968 2380 1086 2447 faciem
1105 2382 1192 2448 vide
1205 2398 1226 2438 2⁵

173 2491 292 2554 remus,
316 2469 419 2535 solem
443 2468 514 2534 dico
537 2472 571 2533 et
593 2468 707 2533 lunam
730 2472 764 2532 et
786 2489 888 2553 vagas
912 2469 1027 2534 stellas
1051 2473 1085 2535 ot
1106 2471 1192 2536 iner-

173 2563 285 2624 rantes
316 2560 350 2623 et
372 2557 499 2624 caelum
522 2559 556 2622 et
578 2556 734 2622 mundum
755 2555 865 2641 ipsum
889 2559 923 2621 et
945 2579 1058 2622 earum
1080 2581 1192 2625 rerum

173 2647 254 2731 vim,
285 2669 367 2732 quae
396 2647 542 2711 inessent
569 2645 604 2709 in
632 2644 721 2710 omni
743 2644 864 2710 mundo
888 2667 962 2710 curn
984 2668 1107 2734 magno
1130 2670 1192 2714 usu

175 2738 208 2800 et
235 2735 466 2801 commoditate
494 2733 622 2820 generis
644 2732 795 2818 humani,
823 2731 964 2798 efficitur
986 2736 1099 2800 omnia
1121 2736 1193 2822 regi

175 2823 285 2889 divina
312 2827 420 2888 mente
446 2826 544 2907 atque
566 2821 747 2906 prudentia.
792 2820 843 2887 Ac
866 2821 905 2887 de
927 2821 1035 2907 prima
1059 2824 1191 2910 quidem
1204 2838 1226 2879 ³⁰

198 2915 270 2977 arte
293 2912 374 2977 satis
398 2911 520 2977 dictum
544 2913 602 2974 est.

121 2934 195 3089 3121,
242 2997 404 3085 Sequitur,
427 3002 465 3065 ut
488 2998 622 3064 doceam
645 2998 755 3064 omnia
778 2998 925 3064 subiecta
948 3019 1022 3078 esse¹
1041 3005 1192 3084 naturae,

174 3109 277 3173 eaque
299 3089 341 3153 ab
365 3110 403 3153 ea
425 3086 641 3174 pulcherrime
664 3087 742 3172 geri.
787 3084 850 3152 Sed
874 3087 951 3173 quid
974 3087 1019 3152 sit
1040 3087 1115 3173 ipsa
1136 3111 1193 3154 na-

174 3180 263 3259 tura,
291 3175 518 3261 explicandum
546 3179 596 3240 est
623 3178 701 3240 ante
723 3175 880 3260 breviter,
909 3197 972 3260 quo
995 3174 1126 3242 facilius
1150 3177 1192 3262 id,

176 3264 263 3349 quod
290 3263 403 3329 docere
430 3264 595 3347 volumus,
622 3262 773 3348 intellegi
799 3264 914 3349 possit.
959 3262 1112 3349 Namque
1136 3266 1227 3330 aliia

173 3355 329 3418 naturam
351 3374 422 3418 esse
446 3355 580 3418 censent
602 3350 670 3416 vim
693 3351 856 3436 quandam
875 3352 944 3417 sine
962 3352 1091 3418 ratione
1110 3353 1195 3420 cion·

174 3444 243 3506 tem
266 3443 374 3506 motus
398 3441 434 3505 in
456 3439 646 3526 corporibus
668 3440 883 3524 necessarios,
911 3439 968 3506 olii
991 3444 1102 3507 autem
1125 3442 1195 3508 vim
