2566 3876
171 176 237 240 440
307 217 308 220 =
570 176 619 230 DE
637 175 791 233 LEGIBUS

171 320 336 386 bunicium
359 322 538 388 exacuisset
556 321 592 388 in
608 321 692 387 nos?
715 343 810 406 quem
828 343 927 407 quom
944 321 1092 386 homines
1110 342 1177 386 sce
1275 301 1276 320 ¹

171 409 268 474 lerati
295 431 332 474 ae
359 410 478 495 perditi
504 431 570 476 non
596 409 692 476 modo
720 411 789 474 ulla
810 410 846 474 in
868 409 977 494 domo,
1004 409 1061 474 sed
1082 409 1176 474 nulla

171 497 206 562 in
224 501 321 584 gente
338 498 526 583 reperirent,
545 502 659 586 gentes
678 498 742 563 sibi
760 498 951 563 intenebris
964 497 1175 582 reipublicae
1276 534 1277 588 q

170 585 408 670 perturbandas
436 589 640 671 putaverunt.
685 584 778 662 Quod
804 587 900 652 nobis
930 585 1059 671 quidem
1087 606 1175 672 egre
1276 599 1277 606 ’

172 673 262 758 gium
289 677 323 738 et
350 674 391 739 ad
412 674 683 740 inmortalitatem
706 675 880 740 memoriae
901 674 1096 762 gloriosum,
1122 695 1176 738 ne
1201 693 1214 734 s

172 761 292 828 minem
309 763 345 827 in
361 784 421 828 nos
440 762 584 828 mercede
601 763 671 828 ulla
689 762 855 827 tribunum
872 763 1017 848 potuisse
1031 763 1176 848 reperiri,

118 867 153 915 22
172 849 236 914 uisi
265 851 316 916 cui
345 871 385 915 ne
415 872 485 915 esse
514 850 643 935 quidem
672 851 818 915 licuisset
843 850 984 916 tribunos
1029 848 1092 916 Sed
1118 851 1177 915 ille
1277 882 1278 892 ¹

172 961 252 1023 ques
280 943 406 1024 strages
434 938 547 1004 edidit!
577 960 632 1004 eas
659 939 822 1023 videlicet,
849 960 929 1024 quas
957 939 1026 1004 sine
1048 939 1177 1004 ratione

171 1048 209 1092 ac
233 1027 302 1092 sine
324 1028 394 1091 ulla
416 1047 473 1112 spe
496 1027 584 1092 bona
605 1027 696 1093 furor
719 1027 812 1092 edere
834 1027 942 1112 potuit
964 1027 1100 1112 inpurae
1123 1027 1177 1092 be

171 1116 245 1180 luae
267 1116 443 1181 multorum
465 1115 685 1180 inflammatus
708 1114 881 1181 furoribus.
917 1114 1021 1191 Quam
1044 1116 1087 1182 ob
1105 1137 1176 1180 rem
1190 1135 1215 1175 ιο

170 1203 205 1267 in
227 1203 292 1268 ista
315 1202 444 1288 quidem
465 1225 501 1267 re
522 1203 729 1268 vehementer
751 1200 874 1268 Sullam
896 1203 1013 1289 probo,
1041 1204 1098 1289 qui
1119 1204 1177 1268 tri-

171 1291 266 1356 bunis
298 1291 403 1376 plebis
435 1312 495 1356 sua
525 1292 598 1378 lege
624 1291 760 1356 iniuriae
786 1291 950 1357 faciendae
977 1296 1177 1377 potestatem

172 1379 340 1463 ademerit,
363 1379 475 1445 auxilii
495 1379 620 1444 ferendi
642 1379 822 1464 reliquerit,
844 1379 1099 1465 Pompeiumque
1121 1401 1178 1446 no

172 1472 276 1532 strum
295 1469 410 1533 ceteris
428 1468 525 1533 rebus
544 1467 694 1533 omnibus
713 1488 840 1553 semper
861 1468 1072 1553 amplissimis
1092 1490 1178 1533 sum-

172 1556 296 1641 misque
319 1557 423 1622 ecfero
446 1556 605 1640 laudibus,
628 1556 667 1621 de
689 1556 863 1622 tribunicia
884 1560 1048 1642 potestate
1066 1560 1215 1640 taee031c

171 1667 230 1710 nec
265 1645 351 1710 enim
386 1643 619 1730 reprehendere
654 1644 736 1710 libet
771 1666 830 1710 nec
865 1644 997 1710 laudare
1032 1667 1178 1730 possum

119 1705 219 1830 ὲὲΜ.
246 1732 338 1798 Vitia
370 1733 498 1819 quidem
525 1733 710 1798 tribunatus
737 1733 917 1818 praeclare,
944 1731 1078 1818 Quinte,
1106 1756 1178 1819 per·

173 1821 284 1905 spicis,
311 1822 368 1886 sed
395 1825 446 1886 est
468 1822 580 1907 iniqua
601 1821 635 1886 in
659 1821 747 1886 omni
769 1843 804 1885 re
828 1821 1007 1887 accusanda
1033 1826 1178 1908 praeter·

172 1910 280 1973 missis
308 1909 402 1975 bonis
430 1911 590 1975 malorum
615 1910 815 1974 enumeratio
837 1909 1056 1994 vitiorumque
1078 1911 1177 1976 selec-

171 1997 233 2080 tio,
254 2019 330 2062 nam
345 1998 417 2098 'isto
442 1998 570 2083 quidem
592 1998 688 2063 modo
711 1998 763 2063 vel
786 1999 974 2064 consulatus
995 1999 1176 2084 vituperari
1189 2017 1216 2057 so

171 2089 354 2260 {Sillani
385 2087 584 2260 lssllla
599 2107 894 2240 qlllsssnlffill
911 2087 1177 2260 illustr

170 2262 277 2327 inesse
300 2261 451 2346 quiddam
475 2262 566 2347 mali,
588 2262 645 2326 sed
667 2264 795 2346 bonum,
819 2262 905 2347 quod
923 2266 973 2327 est
991 2264 1175 2348 quaesitum

170 2351 206 2415 in
228 2372 275 2435 es,
298 2352 367 2416 sine
388 2351 453 2416 isto
476 2351 563 2416 malo
585 2371 652 2415 non
673 2350 875 2415 haberemus,
894 2385 936 2396 —
955 2349 1066 2415 Nimia
1085 2356 1175 2436 pote·

172 2443 241 2505 stas
271 2443 321 2504 est
350 2439 554 2504 tribunorum
582 2438 697 2524 plebis.
720 2474 762 2484 —
785 2437 864 2512 Quis
893 2440 1014 2523 negat?
1044 2439 1101 2504 sed
1124 2441 1173 2504 vis
1187 2457 1214 2497 ss

170 2527 284 2613 populi
309 2529 413 2593 multo
437 2529 563 2593 saevior
581 2528 750 2612 multoque
767 2525 995 2610 vehementior,
1018 2548 1101 2612 quae
1120 2528 1175 2592 du-

172 2638 241 2681 cem
264 2616 349 2700 quod
371 2616 480 2700 habet,
501 2615 664 2680 interdum
682 2615 786 2679 lenior
804 2618 862 2699 est,
885 2636 982 2699 quam
1000 2615 1029 2679 si
1046 2616 1175 2680 nullum

171 2704 315 2771 haberet.
359 2703 434 2768 Dux
458 2704 543 2769 euim
566 2725 625 2769 suo
647 2724 679 2769 se
700 2702 842 2788 periculo
865 2703 1018 2788 progredi
1040 2705 1174 2790 cogitat,

171 2793 285 2878 populi
310 2793 451 2878 impetus
478 2792 613 2877 periculi
639 2792 798 2857 rationem
825 2791 875 2854 sui
901 2811 967 2856 non
994 2791 1104 2857 habet.
1130 2829 1173 2839 -

121 2894 154 2942 24
172 2883 218 2946 At
241 2880 415 2966 aliquando
437 2879 626 2945 incenditur.
644 2915 686 2926 —
705 2879 750 2943 Et
772 2878 901 2963 quidem
919 2901 1015 2964 saepe
1033 2880 1173 2945 sedatur.
1187 2898 1214 2938 ³⁰

171 2968 264 3046 Quod
296 2969 381 3034 enim
413 2972 463 3033 est
494 2972 563 3033 tam
595 2968 800 3053 desperatum
829 2967 1016 3054 collegium,
1047 2968 1083 3032 in
1110 2990 1174 3054 quo

170 3079 266 3123 nemo
290 3079 307 3122 e
331 3057 439 3123 decem
462 3078 542 3122 sana
564 3060 671 3121 mente
689 3056 755 3121 sit?
787 3054 872 3132 Quin
889 3056 997 3140 ipsum
1014 3055 1063 3121 Ti.
1077 3055 1174 3122 Grac-

172 3146 268 3212 chum
288 3168 355 3211 non
377 3146 483 3211 solum
505 3146 682 3230 neglectus,
705 3144 761 3210 sed
783 3145 882 3209 etiam
905 3144 1053 3209 sublatus
1076 3145 1175 3211 inter-

171 3256 279 3301 cessor
297 3235 427 3319 evertit3
446 3232 522 3319 quid
536 3234 622 3298 enim
634 3233 728 3298 illurn
743 3232 831 3297 aliud
844 3232 992 3318 perculit,
1008 3233 1074 3298 nisi
1088 3234 1175 3319 quod

170 3325 368 3410 potestatem
397 3322 609 3387 intercedenti
638 3322 781 3408 collegae
809 3321 1002 3407 abrogavit?
1048 3319 1111 3387 Sed
1137 3327 1173 3386 tu
1187 3337 1213 3379 ³⁵

172 3412 365 3497 sapientiam
391 3411 550 3476 maiorum
577 3410 613 3474 in
638 3410 697 3475 illo
724 3409 810 3475 vide:
838 3407 998 3474 Concessa
1024 3409 1131 3495 plebei
1154 3433 1175 3475 a

169 3500 318 3586 patribus
340 3499 407 3564 ista
427 3501 590 3584 potestate
614 3520 704 3563 arma
726 3497 922 3584 cecidenmt,
947 3498 1105 3564 restincta
1127 3520 1175 3564 se·
