2630 3890
360 119 427 175 LIB.
447 120 469 176 I.
489 119 564 176 CAP.
584 127 697 175 44-47.
717 127 733 186 ἓ
751 125 881 176 99-105.
1067 121 1130 186 183

123 267 248 348 verunt,
267 263 325 329 sed
343 265 442 329 etiam
459 264 637 349 hominum,
655 286 737 349 quae
755 268 873 330 vocant
892 265 1009 329 omina.
1042 262 1131 339 Quae

124 353 262 418 maiores
285 353 391 417 nostri
414 352 490 437 quia
508 353 616 418 valere
635 352 819 437 censebant,
841 353 960 418 idcirco
980 352 1130 418 omnibus

123 442 220 507 rebus
244 440 377 527 agendis
402 440 513 518 ‘ouon
532 458 664 524 sorau,
686 458 855 525 ruusruu,
879 458 984 506 ranrx
1002 458 1131 507 roaro-

123 547 315 606 ulruueun
334 527 453 594 nssnr'
471 529 712 615 praedabantur,
729 529 890 613 rebusque
904 529 1030 613 divinis,
1049 551 1131 612 quae
1183 551 1193 566 ¹

96 616 254 703 spublice‘
278 617 406 701 fierent,
433 620 471 682 ut
494 616 886 701 ‘FAVERENTLINGU18',
909 617 1132 702 imperabatur

122 706 220 790 inque
251 704 342 770 feriis
374 705 585 790 imperandis,
617 709 654 770 ut
682 705 834 772 ‘uramus
861 723 906 770 nr
934 723 1061 771 iuncus
1090 723 1130 770 su

123 792 393 859 assumserunt
437 792 585 878 Itemque
612 793 647 859 in
674 793 843 858 lustranda
868 793 996 859 colonia
1019 795 1060 859 ab
1084 816 1132 878 eo,

125 881 180 966 qui
204 905 276 946 eam
298 882 477 965 deduceret,
502 886 535 946 et
558 904 631 947 cum
653 882 831 967 imperator
854 883 1039 966 exercitum,
1062 904 1132 947 cen·

125 991 179 1035 sor
205 971 364 1056 populum
385 970 554 1054 lustraret,
581 969 675 1035 bonis
698 970 898 1054 nominibus,
926 970 982 1055 qui
1004 970 1131 1035 hostias

85 1078 111 1117 ιο
126 1058 286 1142 ducerent,
310 1058 522 1145 eligebantur.
562 1056 654 1134 Quod
676 1058 761 1123 idem
784 1058 819 1122 in
841 1058 961 1124 dilectu
982 1059 1131 1124 consules

3 1183 4 1186 =
56 1195 59 1200 .
125 1147 314 1231 observant,
337 1151 374 1212 ut
395 1146 520 1231 primus
544 1147 636 1211 miles
658 1147 717 1211 fiat
739 1147 826 1212 bono
849 1147 987 1212 nomine.
1029 1145 1118 1223 Quae
1134 1160 1184 1210 103

125 1234 255 1318 quidem
274 1256 294 1299 a
311 1237 345 1299 te
364 1234 426 1299 sois
446 1238 479 1299 et
497 1236 628 1300 consule
647 1238 679 1298 et
696 1234 893 1319 imperatore
913 1256 1039 1300 summa
1059 1258 1132 1300 eum

124 1322 282 1407 religione
311 1344 381 1387 esse
406 1326 544 1387 servata.
580 1321 847 1408 Praerogativam
871 1323 970 1388 etiam
993 1323 1131 1389 maiores

125 1432 221 1476 omen
237 1411 398 1475 iustorum
417 1411 622 1476 comitiorum
641 1432 711 1476 esse
730 1410 910 1476 voluerunt.
946 1410 1056 1496 Atque
1071 1433 1131 1498 ego
1142 1415 1185 1480 46

85 1517 111 1558 15
126 1499 274 1583 exempla
299 1499 449 1568 ominum
480 1503 560 1564 nota
588 1499 765 1585 proferamz
800 1499 836 1564 L.
863 1497 985 1564 Paulus
1020 1501 1133 1565 consul

125 1587 253 1670 iterum,
276 1609 350 1652 cum
373 1587 402 1651 ei
419 1587 543 1652 bellum
565 1591 603 1652 ut
626 1610 698 1653 eum
720 1608 797 1674 rege
815 1586 913 1653 Perse
933 1592 1061 1674 gereret
1079 1589 1133 1654 ob

126 1675 270 1760 tigisset,
299 1679 338 1740 ut
364 1697 403 1741 ea
429 1675 501 1760 ipsa
530 1675 580 1740 die
607 1676 738 1740 domum
766 1675 808 1740 ad
835 1697 1006 1761 vesperum
1028 1677 1134 1761 rediit,

125 1763 263 1828 filiolam
282 1785 374 1829 suam
387 1763 542 1848 Tertiam,
560 1786 642 1848 quae
660 1767 728 1828 tum
751 1767 822 1828 erat
836 1764 1009 1829 admodum
1023 1787 1133 1850 parva,

127 1851 276 1920 osculans
310 1852 452 1916 animum
485 1852 627 1916 advertit
657 1851 862 1917 tristieulam.
906 1851 1019 1929 ‘Quid
1050 1852 1134 1936 est’,

2 1945 4 1948 ’
86 1939 241 2024 auinquit,
261 1939 357 2005 ‘mea
374 1940 529 2005 Tertia?
550 1940 641 2025 quid
659 1940 791 2005 tristis
810 1939 889 2006 es?'
913 1939 979 2005 ‘Mi
997 1940 1134 2026 pater',

125 2028 242 2112 inquit,
266 2027 401 2093 ‘Persa
421 2027 562 2113 periit?
599 2029 682 2093 Tum
702 2029 759 2093 ille
778 2029 881 2095 artius
899 2031 1044 2115 puellam
1062 2052 1135 2095 con·

126 2116 253 2201 plexus:
278 2115 478 2202 ‘Accipic',
499 2117 615 2202 inquit,
642 2116 739 2183 ‘mea
756 2116 859 2202 filia,
883 2116 1017 2183 omen'.
1052 2117 1135 2183 Erat

127 2208 236 2269 autem
259 2209 406 2270 mortuus
429 2206 566 2271 catellus
590 2227 627 2270 eo
649 2205 790 2270 nomine.
830 2205 866 2270 L.
884 2204 1045 2290 Flaccum,
1070 2207 1191 2270 ila-104

127 2293 248 2357 minem
269 2292 468 2377 Martialem,
492 2315 552 2380 ego
577 2293 698 2378 audivi,
721 2316 794 2359 cum
817 2294 938 2360 diceret
960 2293 1135 2360 Caeciliam

86 2399 114 2439 as
127 2380 262 2466 Metelli,
280 2403 353 2447 cum
371 2382 471 2447 vellet
490 2381 611 2447 sororis
631 2403 707 2446 suae
725 2381 827 2446 filiam
841 2382 876 2446 in
889 2383 1135 2447 matrimonium

128 2468 306 2554 conlocare,
325 2470 428 2535 exisse
446 2470 482 2534 in
500 2469 661 2554 quoddam
680 2470 836 2535 sacellum
852 2470 969 2535 ominis
988 2470 1135 2555 capiendi

128 2579 238 2642 causa,
268 2559 355 2642 quod
380 2557 450 2623 fieri
473 2580 562 2623 more
585 2562 732 2623 veterum
754 2559 891 2623 solebat.
936 2556 1018 2623 Cum
1040 2558 1134 2643 virgo

129 2649 232 2711 staret
255 2650 288 2710 et
307 2645 447 2712 Caecilia
469 2646 504 2711 in
527 2647 608 2710 sella
631 2647 756 2711 sederet
778 2667 882 2730 neque
905 2645 960 2710 diu
983 2646 1050 2710 ulla
1073 2667 1137 2710 vox

129 2734 321 2818 exstitisset,
348 2735 491 2821 puellam
520 2734 733 2821 defatigatam
759 2734 882 2819 petisse
910 2756 930 2798 a
953 2736 1137 2818 matertera,

87 2839 114 2879 ³⁰
128 2825 166 2887 ut
185 2821 248 2888 sibi
266 2823 463 2907 concederet,
481 2823 647 2908 paulipser
665 2826 703 2888 ut
720 2823 754 2887 in
773 2823 841 2886 eius
861 2822 943 2887 sella
960 2822 1138 2906 requiesce·

129 2914 193 2994 ret3
222 2911 315 2975 illam
339 2911 602 2976 autem‘dixisse:
631 2910 755 2994 ‘Vero,
786 2933 867 2976 mea
889 2909 1034 2995 puella,
1060 2910 1137 2975 tibi

128 2999 293 3064 concedo
326 3021 428 3064 meas
459 2997 590 3064 sedes?
636 2997 729 3074 Quod
758 3020 854 3064 omen
883 3020 935 3062 res
966 3002 1139 3064 consecuta

129 3090 193 3170 cst3
215 3086 288 3172 ipsa
311 3087 395 3152 enim
420 3087 512 3152 brevi
534 3091 664 3152 mortua
687 3091 746 3170 est,
768 3086 862 3173 virgo
887 3091 995 3152 autem
1017 3088 1138 3173 nupsit,

128 3175 180 3240 oui
203 3173 343 3241 Caecilia
369 3179 472 3261 nupta
498 3175 615 3260 fuerat.
656 3175 745 3241 Haeo
772 3197 868 3260 posse
896 3176 1058 3241 contemni
1086 3177 1139 3241 vel

88 3279 116 3320 ⁸⁵
131 3263 230 3328 etiam
252 3263 352 3328 rideri
369 3264 535 3349 praeclare
553 3263 720 3348 intellego,
744 3263 800 3327 sed
818 3262 851 3328 id
869 3263 977 3349 ipsum
994 3268 1043 3330 est
1062 3264 1138 3330 deos

128 3373 196 3418 non
217 3355 342 3437 putare,
366 3373 448 3435 quae
471 3351 512 3416 ab
535 3351 576 3416 iis
600 3351 835 3437 significantur,
858 3355 1071 3418 contemnere.
1148 3401 1191 3465 47

195 3437 279 3512 Quid
297 3439 336 3505 de
355 3439 532 3522 auguribus
547 3439 685 3523 loquar?
709 3439 796 3504 Tuae
810 3443 921 3525 partes
936 3444 1021 3526 sunt,
1037 3445 1130 3507 tuum
1141 3479 1192 3528 105
