2528 3880
201 149 266 214 292
565 148 614 202 DE
633 149 682 202 RE
700 148 855 204 PUBLICA

199 293 382 380 perniciosa
409 292 475 359 alia
497 291 592 377 vitia3
618 294 746 358 nullum
769 297 820 359 est
842 293 926 359 enim
952 313 1055 380 genus
1077 292 1206 357 illarum

199 404 307 448 rerum
330 383 544 468 publicarum,
568 382 653 466 quod
671 403 738 447 non
754 381 876 447 habeat
894 382 958 447 iter
976 381 1018 446 ad
1034 380 1206 446 finitimum

200 471 361 555 quoddam
383 471 507 536 malum
524 491 680 555 praeceps
699 492 736 535 ac
754 470 925 535 lubricum.
956 468 1045 534 Nam
1062 469 1116 534 illi
1133 467 1206 554 regi,
1249 464 1250 534 l

198 563 237 622 ut
255 581 329 624 eum
346 558 554 644 potissimum
572 559 747 643 nominem,
769 557 937 624 tolerabili
960 561 1026 643 aut,
1051 557 1080 622 si
1103 557 1206 641 voltis,

199 646 299 712 etiam
320 647 463 731 amabili,
486 645 581 731 Cyro,
605 647 717 711 subest
735 647 776 712 ad
793 645 977 711 inmutandi
996 645 1100 710 animi
1117 645 1207 711 licen·
1228 659 1238 700 5

198 763 226 815 p.
246 737 311 816 226]
340 735 422 800 tiam
449 735 691 800 crudelissimus
718 732 784 822 illle
806 733 971 819 Phalaris,
999 733 1092 799 euius
1115 733 1151 798 in
1172 733 1208 797 si·

199 823 417 888 militudinem
446 823 630 888 dominatus
658 823 754 888 unius
779 823 919 908 proclivi
941 843 1038 888 cursu
1061 827 1096 888 et
1118 821 1207 887 facile
1250 830 1251 876 ἶ

199 911 371 976 delabitur.
406 911 462 976 Illi
481 914 590 976 autem
604 909 858 976 Massiliensium
876 932 1056 997 paucorum
1075 913 1110 975 et
1128 909 1208 995 prin·

200 1000 308 1084 cipum
332 999 608 1064 administrationi
631 999 774 1064 civitatis
796 999 956 1064 finitimus
980 1001 1046 1082 est,
1070 998 1129 1083 qui
1150 997 1207 1062 fuit

201 1088 341 1172 quodam
370 1090 518 1173 tempore
548 1087 635 1172 apud
663 1087 879 1153 Athenienses
906 1086 1048 1174 triginta
1074 1089 1239 1152 circumc

200 1197 375 1241 cousensus
404 1179 437 1240 et
463 1174 573 1241 factio.
613 1174 686 1240 Iam
708 1174 959 1241 Atheniensium
984 1174 1104 1260 populi
1126 1177 1209 1260 pote
1251 1198 1252 1272 q

200 1267 321 1329 statem
348 1264 494 1329 omnium
520 1285 629 1329 rerum
651 1263 728 1348 ipsi,
756 1285 796 1329 ne
819 1264 903 1330 alios
925 1262 1147 1348 requiramus,
1173 1261 1210 1328 ad
1251 1273 1252 1334 l

199 1351 343 1418 imorem
365 1351 585 1417 multitudinis
607 1351 838 1438 licentiamque
856 1373 1049 1419 conversam
1066 1351 1209 1439 pesti...

445 1492 685 1574 [Desideractar
701 1495 838 1578 popinae
859 1495 961 1576 ditae]
1252 1564 1253 1632 1

146 1593 226 1721 {gp
246 1618 293 1697 ru]
366 1664 464 1684 .....
472 1615 664 1683 deterrimus
696 1621 729 1682 et
761 1640 800 1682 ex
831 1618 893 1684 hae
921 1617 976 1684 rel
1003 1618 1209 1704 optimatium
1252 1647 1253 1650 ¹

199 1705 252 1770 vel
280 1703 421 1770 factiosa
450 1705 620 1788 tyrannica
647 1705 708 1770 illa
736 1706 789 1771 vel
818 1706 911 1792 regia
938 1705 991 1772 vel
1020 1705 1123 1772 etiam
1145 1718 1239 1791 per-1⁵

201 1813 297 1878 saepe
318 1791 497 1878 popularis,
518 1792 661 1877 itemque
684 1815 723 1858 ex
746 1815 785 1859 ea
807 1814 909 1880 genus
933 1795 1069 1879 aliquod
1088 1795 1209 1862 ecflore

201 1902 289 1947 scere
308 1902 347 1946 ex
364 1879 442 1966 illis,
461 1902 543 1966 quae
562 1885 638 1946 ante
657 1881 732 1966 dixi,
751 1881 844 1966 solet,
863 1881 1002 1967 mirique
1022 1887 1102 1949 sunt
1121 1884 1208 1949 orbes
1253 1932 1254 1954 1

201 1973 235 2035 et
258 1969 350 2055 quasi
374 1969 562 2036 circumitus
584 1969 620 2033 in
641 1969 738 2035 rebus
761 1970 901 2055 publicis
920 1972 1209 2037 commutationum

201 2061 235 2123 et
263 2057 539 2141 vicissitudinum
571 2079 652 2142 quos
679 2079 753 2123 curn
780 2079 940 2144 cognosse
968 2061 1129 2145 rapientis
1156 2063 1208 2141 est,

200 2149 272 2212 tum
293 2168 371 2212 vero
393 2146 578 2232 prospicere
595 2145 801 2231 inpendentis
818 2147 854 2211 in
873 2148 1088 2234 gubernanda
1105 2171 1142 2214 re
1158 2170 1208 2234 pu·
1219 2159 1239 2200 ²⁰

199 2263 227 2315 p.
248 2236 295 2317 ro]
319 2233 406 2300 blica
432 2234 655 2300 moderantem
682 2256 813 2300 cursum
840 2239 939 2320 atque
961 2236 997 2301 in
1017 2235 1021 2320 Ι
1043 2259 1105 2302 sua
1126 2239 1209 2323 pote

201 2325 287 2388 atate
309 2322 503 2388 retinentem
523 2323 636 2409 magni
654 2323 821 2389 cuiusdam
839 2324 920 2390 civis
939 2327 973 2389 ot
992 2325 1096 2391 diuini
1113 2345 1209 2411 paene

201 2414 252 2476 est
274 2410 346 2476 riri
383 2409 500 2495 Itaque
523 2415 676 2495 quartum
694 2411 856 2496 quoddam
875 2435 978 2498 genus
997 2414 1208 2500 reipublicae

201 2499 341 2564 maxime
363 2498 567 2584 probandum
585 2521 655 2564 esse
675 2500 789 2585 sentio,
812 2500 899 2584 quod
917 2505 969 2566 est
987 2523 1027 2566 ex
1045 2501 1109 2587 his,
1132 2521 1208 2588 quae

200 2588 308 2673 prima
331 2586 406 2671 dixi,
428 2587 631 2652 moderatum
655 2590 688 2652 et
710 2588 907 2671 permixtum
929 2588 1047 2655 tribus.
1219 2599 1238 2641 ²⁶

147 2645 191 2771 ᾗ)
266 2674 330 2740 Hic
347 2672 491 2739 Laelius:
515 2671 587 2740 Scio
610 2675 672 2740 tibi
694 2675 743 2740 ita
764 2676 901 2761 placere,
924 2676 1095 2763 African03
1118 2698 1208 2763 saepe

200 2763 287 2828 enim
310 2784 349 2828 ex
371 2765 405 2827 te
428 2762 550 2846 audivi3
577 2762 634 2827 sed
656 2766 781 2848 tamen,
803 2764 869 2829 nisi
891 2765 1069 2832 molestum
1093 2771 1152 2852 est,
1173 2787 1208 2831 ex

200 2850 307 2916 tribus
329 2849 403 2915 istis
426 2850 531 2915 modis
553 2872 663 2916 rerum
684 2850 887 2937 publicarum
906 2853 1007 2919 velim
1025 2855 1109 2921 scire
1127 2851 1208 2940 quod

201 2939 363 3024 optimum
375 2937 505 3004 iudices.
528 2936 615 3004 Nam
627 2939 680 3006 rel
694 2940 855 3026 profuerit
869 2941 1002 3026 aliquod
1016 2943 1059 3008 ad
1072 2964 1142 3031 cog.
1153 2991 1161 3010 .
1174 2991 1202 3009 ..

147 3163 189 3228 31
451 3078 690 3159 [Desideraatar
706 3081 844 3164 popinae
864 3084 966 3165 duca]

148 3239 182 3290 η
201 3229 229 3282 p.
249 3203 298 3284 51]
373 3205 490 3268 ....et
515 3202 593 3267 talis
617 3206 668 3268 est
691 3225 836 3288 quaeque
858 3226 910 3270 res
933 3208 1081 3293 publica,
1108 3205 1240 3293 qualine

201 3289 270 3354 eius
295 3293 353 3355 aut
375 3292 494 3355 natura
516 3293 573 3354 aut
595 3291 767 3394 voluntat&
780 3293 836 3377 qui
853 3292 948 3360 illam
966 3295 1063 3382 regit.
1099 3296 1207 3380 ltaque

200 3377 293 3441 nulla
324 3376 390 3442 alia
418 3376 454 3441 in
485 3376 631 3462 civitate,
663 3378 728 3443 nisi
757 3402 793 3444 m
822 3403 887 3466 qua
918 3385 1034 3468 populi
1065 3386 1206 3471 potestas

201 3486 329 3529 summa
347 3468 407 3550 est,
428 3464 533 3530 ullum
551 3465 751 3532 domicilium
769 3468 905 3535 libertas
923 3469 1039 3557 habct3
1064 3495 1126 3558 qua
1142 3471 1206 3558 qui-
