2630 3890
452 127 528 184 cnP.
548 133 626 184 s-s.
646 134 661 194 s
683 134 797 185 10-15.
1065 129 1128 193 257

121 273 191 338 fieri
212 293 317 357 posse.
363 271 426 356 Tu,
454 276 488 337 et
510 294 592 357 quae
614 294 681 338 non
704 271 770 338 sint
792 273 916 356 futura,
939 295 1035 358 posse
1061 274 1130 339 fieri

122 361 214 442 dicis,
241 364 279 425 ut
300 359 410 446 frangi
431 361 517 426 hanc
540 383 715 446 gemmam,
744 361 874 426 etiamsi
896 361 930 425 id
951 383 1129 446 numquam

120 449 267 514 futurum
295 448 350 532 sit,
376 470 480 532 neque
506 471 637 514 necesse
663 449 765 513 fuisse
787 447 963 533 Cypselum
991 472 1131 535 regnarev

123 535 279 620 Corinthi,
298 557 494 621 quamquam
511 537 546 600 id
563 537 760 602 millensimo
775 541 851 601 ante
866 559 949 602 anno
964 538 1129 623 Apollinis

95 621 252 690 soraculo
281 624 403 689 editum
430 628 525 690 esset.
568 625 615 688 At
642 625 671 688 si
693 624 758 690 ista
781 624 997 709 conprobabis
1021 626 1130 691 divina

121 713 296 798 praedicta,
319 716 361 797 et,
384 735 467 798 quae
488 713 575 777 falsa
594 713 630 777 in
646 713 766 777 futuris
785 713 940 797 dicentur,
962 714 997 778 in
1015 714 1055 778 iis
1074 715 1130 779 ha·

121 801 227 884 bobis,
254 805 292 865 ut
319 823 357 865 ea
383 801 455 866 fieri
481 823 548 866 non
574 801 703 886 possint
731 803 781 882 [ut
804 801 834 866 si
856 802 983 866 dicatur
1005 802 1131 868 Africa·

121 912 199 954 num
226 888 430 976 Karthagine
459 890 668 974 potiturum],
698 893 744 973 et,
776 889 806 954 si
833 912 908 954 vere
939 888 1064 955 dicatur
1090 891 1131 955 de

121 977 242 1062 future,
264 977 361 1061 idque
383 977 431 1041 ita
453 977 600 1042 futurum
623 977 676 1061 sit,
699 976 787 1043 dicas
811 998 881 1043 esse
899 980 1131 1062 necessarium

83 1084 205 1150 requae
233 1069 284 1130 est
310 1068 383 1130 tota
404 1065 541 1130 Diodori
565 1066 658 1130 vobis
685 1065 818 1131 inimica
843 1065 1015 1132 sententia
1055 1067 1185 1132 bite-14

122 1155 191 1218 nim
214 1153 243 1218 si
263 1153 347 1218 illud
368 1175 444 1219 rere
467 1154 658 1220 conectitur:
683 1153 730 1218 ‘Si
752 1155 876 1219 oriente
899 1153 1054 1219 Canicula
1076 1177 1132 1221 na·

123 1245 176 1306 tus
200 1263 243 1326 es,
265 1241 301 1306 in
323 1242 407 1307 mari
427 1263 496 1307 non
517 1241 676 1326 moriere',
698 1241 903 1326 primumque
924 1242 1010 1327 quod
1028 1245 1132 1308 estin

122 1351 256 1396 conexo:
285 1329 408 1394 ‘Natus
431 1351 465 1394 er
489 1330 612 1395 oriente
636 1329 812 1414 Canicula',
839 1331 1058 1397 necessarium
1081 1336 1132 1396 est

124 1419 248 1502 (omnia
276 1418 363 1484 enim
391 1440 469 1484 vera
495 1419 530 1482 in
556 1418 743 1504 praeteritis
769 1421 953 1484 necessaria
976 1424 1065 1504 sunt,
1093 1424 1132 1485 ut

84 1526 110 1566 a
124 1506 308 1592 Chrysippo
345 1507 454 1592 placet
486 1507 690 1571 dissentienti
721 1529 741 1570 a
772 1507 931 1593 magistro
964 1507 1132 1593 Cleanthe,

124 1595 201 1679 quia
224 1598 300 1658 sunt
320 1594 529 1659 inmutabilia
550 1617 610 1660 nec
630 1595 666 1659 in
684 1594 805 1659 falsum
824 1617 841 1660 e
859 1617 936 1660 vero
954 1598 1133 1680 praeterita

123 1686 262 1767 possunt
280 1681 494 1769 convertere),
518 1683 674 1767 eiigitur,
693 1683 939 1768 quodprimum
956 1685 993 1748 in
1011 1707 1132 1751 conexo

124 1775 184 1855 est,
200 1772 417 1836 necessarium
432 1775 496 1855 est,
512 1771 552 1835 fit
565 1771 674 1854 etiam,
693 1771 779 1854 quod
792 1771 1008 1857 consequitur,
1025 1795 1133 1838 neces-

124 1859 254 1924 sarium
277 1858 480 1943 Quamquam
494 1859 556 1924 hoc
567 1858 749 1943 Chrysippo
762 1880 829 1924 non
842 1860 931 1924 videt
917 1864 971 1924 tur
980 1861 1088 1926 valere
1097 1862 1133 1926 in

83 1966 109 2005 ιο
123 1947 288 2031 omnibus,
310 1949 399 2012 sedt
384 1951 503 2032 tamen,
521 1947 550 2012 si
567 1948 727 2012 naturalis
747 1951 797 2012 est
812 1970 917 2049 eausa,
931 1949 1036 2014 curin
1049 1951 1133 2014 mari
1153 1973 1156 1980 ·

123 2035 244 2100 Fabius
262 2058 328 2101 non
346 2036 546 2120 moriatur,
535 2058 572 2100 m
588 2058 673 2100 marr
664 2035 808 2100 Fabius
827 2037 911 2101 mori
928 2058 995 2101 non
1012 2042 1131 2122 po.test

189 2123 262 2191 Hoc
290 2125 362 2189 loeo
390 2122 591 2209 Chrysippus
621 2127 773 2189 aestuans
802 2123 876 2188 falli
903 2128 1014 2209 sperat
999 2061 1132 2191 tp·Chal
1151 2097 1185 2223 ᾗ

124 2212 221 2277 dacos
245 2215 432 2296 ceterosque
456 2212 595 2296 divinos,
621 2233 725 2296 neque
748 2234 804 2278 eos
827 2234 943 2278 usuros
967 2233 1037 2278 esse
1060 2236 1133 2279 con·

123 2300 351 2383 iunctionibus,
373 2303 411 2364 ut
432 2300 481 2365 ita
499 2322 558 2365 sua
574 2305 728 2386 percepta
745 2301 970 2402 pronuntient:
994 2299 1041 2366 Si
1059 2303 1132 2385 quis

83 2405 110 2447 ιι
124 2392 220 2453 natus
245 2393 294 2453 est
317 2389 441 2453 oriente
465 2387 661 2471 Canicula,
651 2410 679 2452 rs
703 2388 737 2452 in
760 2389 844 2453 mari
865 2410 931 2453 non
954 2389 1123 2454 morietur'
1123 2439 1133 2473 ,

125 2476 181 2542 sed
203 2477 313 2562 potius
336 2477 385 2541 ita
407 2477 529 2542 dicant:
553 2475 641 2541 ‘Non
664 2479 696 2540 et
719 2481 815 2541 natus
840 2481 890 2541 est
913 2477 985 2561 quis
1009 2477 1133 2542 oriente

124 2564 293 2649 Canicula,
320 2568 354 2630 et
376 2565 404 2629 is
427 2565 462 2629 in
485 2564 568 2629 mari
590 2563 768 2629 morietur?
810 2564 836 2629 0
860 2565 1027 2630 licentiam
1047 2565 1134 2631 iocu-

123 2654 241 2718 larem!
263 2674 303 2717 ne
326 2653 396 2738 ipse
419 2653 541 2717 incidat
563 2652 598 2716 in
618 2651 807 2736 Diodorum,
831 2653 924 2717 docet
942 2651 1134 2737 Chaldaeos,

123 2763 188 2826 quo
219 2745 316 2827 pacto
346 2763 401 2806 eos
431 2762 589 2825 exponere
618 2745 772 2825 percepta
801 2743 960 2825 oporteat.
1006 2740 1134 2817 Quaero

82 2847 109 2888 ιο
124 2829 220 2912 enim,
243 2829 272 2894 si
294 2828 451 2895 Chaldaei
472 2829 520 2894 ita
542 2830 733 2913 loquantur,
755 2832 793 2893 ut
815 2829 1006 2915 negationes
1028 2829 1134 2894 infini-

123 2922 234 2982 tarum
257 2918 517 2983 coniunctionum
540 2917 649 3003 potius
673 2939 771 3000 quam
794 2917 922 2982 infinita
938 2939 1061 2992 conexa
1078 2939 1134 3002 pe

122 3010 218 3090 nant,
241 3028 297 3071 cur
319 3006 405 3071 idem
427 3005 552 3086 medici,
575 3026 632 3070 cur
651 3009 846 3090 geometrae,
869 3027 926 3070 cur
947 3005 1066 3090 reliqui
1087 3004 1134 3070 fa-

4 3135 7 3152 »
123 3115 196 3160 cere
225 3116 292 3160 non
323 3093 460 3196 possint.
506 3093 687 3158 Medicus
677 3093 867 3178 inprimis,
899 3093 986 3178 quod
1013 3093 1076 3158 erit
1104 3093 1134 3158 ei

122 3182 366 3269 perspectum
356 3203 391 3246 m
414 3185 497 3266 arte,
524 3203 591 3246 non
612 3181 661 3244 ita
683 3185 857 3266 proponet
829 3180 936 3247 tSi
959 3181 1010 3247 cui
1032 3203 1134 3246 venae

82 3287 108 3328 ιι
124 3271 171 3337 sio
194 3270 407 3353 morentur,
398 3290 426 3334 rs
449 3232 549 3334 habet
571 3268 710 3352 febrim',
734 3270 791 3335 sed
812 3273 872 3355 pot
872 3270 923 3334 ius
945 3270 1004 3335 illo
1023 3270 1133 3336 modo·

123 3357 212 3423 Non
243 3361 277 3424 et
308 3379 408 3423 venae
440 3357 488 3422 sic
513 3358 564 3422 eui
590 3361 775 3440 moventur,
807 3358 876 3423 et
866 3381 895 3423 rs
923 3358 1041 3423 febrim
1067 3378 1132 3423 non

121 3444 244 3512 hebet?
280 3444 428 3531 Itemque
452 3448 633 3531 geometres
654 3467 721 3510 non
738 3445 787 3510 ita
805 3445 902 3512 dicet:
926 3447 977 3511 In
995 3446 1136 3531 sphaera

177 3557 234 3601 cro.
247 3559 289 3600 rr.
304 3560 323 3599 ι.
888 3556 920 3604 ιι
