2566 3876
374 194 442 251 ΜΒ.
462 195 509 250 111.
530 193 605 254 our.
626 201 903 262 14-1s.s³2-3s.
1090 196 1158 260 445

155 341 260 428 prima
287 340 326 406 de
348 340 596 426 magistratibus
619 340 819 406 mandandis.
863 339 914 407 Ea
936 342 986 405 est
1009 338 1157 424 Gabinis,

154 430 225 496 lats
256 429 297 494 ab
329 429 459 494 homine
489 428 602 514 ignoto
635 431 668 494 et
695 428 833 494 sordido.
884 426 1000 493 Secuta
1026 428 1156 494 biennio

154 521 231 604 post
257 515 370 582 Cassia
400 520 450 582 est
477 516 516 582 de
546 517 659 602 populi
685 516 810 582 iudiciis
842 539 862 582 a
891 516 994 581 nobili
1025 516 1157 582 homine

156 607 234 690 lata,
257 604 293 670 L.
316 603 438 688 Cassio,
461 604 525 689 sed,
548 626 628 690 paco
649 603 793 670 familiae
816 604 959 688 dixerim,
982 604 1157 669 dissidente

128 713 177 759 ss
194 693 288 758 bonis
307 697 403 777 atque
422 693 526 758 omnis
545 694 747 758 rumusculos
761 693 911 778 populari
925 692 1050 758 ratione
1064 715 1157 758 aucu-

155 785 262 868 pante.
298 779 455 847 Carbonis
479 785 528 846 est
550 780 648 846 tertia
671 781 709 845 de
731 780 877 848 iubendis
901 781 1027 867 legibus
1051 803 1088 846 ac
1105 802 1157 846 ve·

156 870 277 953 tandis,
309 869 454 935 seditiosi
485 873 582 954 atque
608 869 738 954 inprobi
763 869 858 953 civis,
890 869 941 934 oui
966 890 1007 934 ns
1034 869 1157 934 reditus

157 957 285 1043 quidem
303 957 344 1022 sd
362 958 464 1023 bonos
484 957 622 1022 salutem
641 979 661 1022 s
679 957 772 1022 bonis
790 957 897 1042 potuit
916 957 1050 1022 adferre.
1081 956 1155 1022 Uno
1175 969 1209 1020 3ο

149 1047 190 1116 in
217 1066 334 1133 genere
360 1045 500 1130 relinqui
526 1045 696 1110 videbatur
722 1045 810 1111 vocis
841 1046 1044 1132 suffragium,
1072 1045 1158 1131 quod

118 1153 144 1194 ιο
157 1135 227 1220 ipse
245 1132 376 1200 Cassius
400 1137 577 1219 exceperat,
599 1133 836 1218 perduellionis.
872 1133 970 1199 Dedit
988 1133 1063 1200 huic
1081 1156 1158 1218 quo·

158 1244 220 1308 quc
238 1221 354 1287 iudicio
374 1219 408 1287 Ο.
427 1219 555 1287 Coelius
573 1221 729 1286 tabellam
748 1222 922 1307 doluitque,
943 1223 1048 1308 quoad
1067 1222 1158 1306 vixit,

158 1333 206 1395 se,
228 1313 266 1376 ut
288 1310 483 1396 opprimeret
507 1309 540 1374 O.
563 1308 739 1394 Popilium,
760 1311 908 1375 nocuisse
930 1311 978 1374 rei
1000 1311 1158 1396 publicae.

157 1398 202 1464 Et
228 1420 308 1464 avus
335 1399 462 1483 quidem
489 1401 601 1463 noster
628 1397 786 1484 singulari
809 1397 928 1462 virtute
951 1398 985 1462 in
1007 1399 1069 1464 hoc
1091 1421 1158 1464 mu·

157 1486 287 1572 nicipio,
309 1487 414 1570 quoad
436 1485 526 1570 vixit,
549 1485 670 1551 restitit
688 1485 731 1551 M.
750 1483 906 1570 Gratidio,
929 1487 1018 1551 cuius
1041 1488 1075 1550 in
1092 1509 1158 1551 ma·

120 1595 146 1633 1⁵
159 1574 312 1641 trimonio
322 1595 474 1658 sororem,
485 1573 591 1639 aviam
601 1578 757 1656 nostram,
766 1574 917 1657 habebat,
925 1573 1043 1640 ferenti
1051 1575 1158 1661 legem

159 1662 377 1746 tabellarism3
400 1662 562 1728 excitabat
584 1663 668 1727 enim
691 1662 807 1726 fluctus
830 1663 865 1726 in
888 1662 1036 1748 simpulo,
1058 1667 1096 1727 ut
1113 1663 1159 1727 di·

159 1751 251 1834 citur,
270 1749 443 1836 Gratidius,
461 1772 543 1835 quos
561 1754 636 1834 post
654 1750 740 1814 fflius
759 1751 827 1814 eius
840 1749 963 1815 Marius
979 1749 1014 1815 in
1026 1751 1158 1837 Aegaeo

159 1838 311 1904 excitavit
342 1839 432 1903 mari.
482 1839 531 1904 Ac
562 1841 675 1903 nostro
705 1839 833 1923 quidem
862 1837 951 1922 †qui
980 1860 1078 1923 quom
1107 1861 1158 1904 res

159 1931 244 1993 esset
266 1927 308 1993 ad
330 1949 364 1992 se
388 1927 503 2011 delata,
526 1925 569 1990 Μ.
587 1923 724 1992 Scaurus
743 1927 868 1992 consul:
892 1925 1090 2011 ‘Utinam',
1112 1928 1159 1992 in·

120 2034 146 2074 ιο
160 2015 244 2100 quit,
276 2013 333 2080 ‘M.
362 2013 507 2096 Cicero,
539 2015 615 2080 isto
648 2015 772 2080 animo
803 2019 918 2100 atquc
945 2015 1092 2080 virtuto
1119 2016 1158 2080 in

160 2125 303 2168 summa
330 2124 368 2167 re
396 2103 553 2188 publica
582 2103 779 2168 nobiscum
806 2103 956 2168 versari
983 2126 1092 2189 quam
1120 2103 1159 2167 in

160 2189 385 2275 municipali
411 2190 648 2256 maluissesl'
694 2190 798 2266 Quam
825 2191 866 2257 ob
894 2214 976 2274 rem,
1007 2192 1159 2275 quoniam
1177 2203 1210 2252 aa

159 2300 225 2343 non
246 2279 503 2363 recognoscimus
520 2300 605 2344 nunc
623 2280 711 2365 leges
729 2279 840 2364 populi
858 2279 1006 2363 Romani,
1029 2280 1084 2344 sed
1103 2283 1160 2344 sut

160 2366 335 2452 repetimus
358 2369 485 2452 ereptas
509 2369 565 2431 aut
587 2388 688 2432 novas
711 2367 889 2450 scribimus,
911 2388 977 2432 non
1000 2367 1160 2452 quidhoc

1 2427 2 2482 ἶ
122 2471 147 2512 ss
160 2455 280 2541 populo
313 2453 453 2519 obtineri
483 2453 600 2539 possit,
633 2454 688 2520 sad
717 2454 794 2539 quid
823 2455 981 2540 optimum
1009 2455 1066 2539 sit,
1097 2454 1160 2520 tibi

161 2543 329 2608 dicendum
360 2545 447 2629 puto.
497 2540 583 2607 Nam
615 2541 745 2609 Cassiae
777 2543 860 2629 legis
892 2543 1020 2626 culpam
1053 2541 1159 2628 Scipio

160 2635 235 2696 tuus
266 2630 416 2715 sustinet,
446 2652 509 2715 quo
537 2633 667 2696 auctore
694 2631 763 2695 lata
790 2652 860 2695 esse
888 2630 1012 2696 dicitur.
1058 2630 1106 2695 Tu
1131 2631 1160 2695 si

159 2719 364 2784 tabellarium
396 2718 525 2802 tuleris,
555 2718 625 2802 ipse
655 2719 851 2804 praestabis,
881 2740 940 2784 nec
968 2719 1053 2784 enim
1079 2718 1160 2783 mihi

161 2808 268 2891 placet
294 2828 352 2873 nec
379 2807 491 2872 Attico
518 2810 644 2890 nostro,
670 2811 827 2890 quantum
855 2829 872 2871 e
898 2807 992 2871 vultu
1019 2806 1086 2871 eius
1113 2807 1159 2871 in-
1255 2871 1258 2877 .

1 2903 2 2986 i
122 2914 147 2954 ao
161 2896 290 2982 tellego.
335 2896 411 2962 Ars.
432 2893 515 2979 Mihi
537 2916 613 2959 vero
636 2894 718 2960 nihil
741 2917 894 2980 umquam
917 2896 1073 2980 populare
1091 2895 1158 2980 pla·
1172 2895 1211 2959 17

161 2984 236 3066 cuit,
259 3005 393 3068 eamque
417 2983 574 3069 optimam
598 3004 666 3047 rem
688 2983 852 3068 publicam
870 3005 940 3048 esse
959 2983 1038 3068 dico,
1061 3005 1158 3067 quam

160 3071 213 3136 hic
235 3072 347 3137 consul
370 3072 595 3154 constituerat,
619 3092 699 3156 quse
723 3071 766 3135 sit
788 3071 824 3136 in
842 3075 1005 3158 potestate
1024 3071 1160 3156 optimo-

160 3181 239 3224 rum.
267 3161 314 3224 M.
328 3158 396 3225 Vos
416 3159 553 3245 quidem,
574 3162 611 3224 ut
628 3159 730 3242 video,
749 3159 856 3246 legem
876 3160 1068 3245 antiqusstis
1090 3159 1159 3224 sine
1177 3171 1212 3220 38

125 3325 128 3330 Ι
160 3247 291 3313 tabella.
329 3245 391 3313 Sed
413 3269 484 3334 ogs,
506 3248 568 3313 etsi
591 3247 671 3314 satis
694 3247 776 3312 dixit
797 3271 857 3334 pro
876 3270 911 3314 se
929 3249 964 3313 in
981 3249 1047 3312 illis
1065 3247 1160 3312 libris

121 3353 147 3394 ss
161 3333 278 3421 Scipio,
300 3338 412 3401 tamen
429 3337 477 3400 its
495 3335 680 3401 libertatem
703 3336 803 3401 istam
826 3337 949 3422 largior
971 3337 1101 3421 populo,
1123 3339 1161 3401 ut

161 3423 355 3489 auctoritate
374 3428 407 3489 et
425 3424 556 3489 valeant
574 3427 607 3488 et
627 3427 761 3489 utantur
778 3424 867 3491 bonis
897 3423 950 3489 Sic
968 3425 1053 3489 enim
1072 3447 1091 3490 a
1109 3447 1161 3488 me

159 3513 296 3578 recitata
328 3512 380 3578 lex
412 3516 462 3577 est
490 3513 529 3577 de
556 3512 732 3599 suffragiis:
764 3512 1028 3598 Optimatibus
1057 3518 1161 3596 nota,
