2578 3874
354 163 423 220 ΜΒ.
440 161 488 220 HL
508 163 584 219 uer.
603 169 681 219 4-o.
699 168 715 229 e
735 169 846 219 10-14.
1036 161 1100 226 437

100 304 224 370 iuribus
250 306 385 389 nostris,
411 305 494 370 nihil
516 304 616 371 habui
640 327 730 391 sane,
755 327 822 372 non
843 307 931 372 modo
953 305 1102 389 multum,

101 393 187 476 qu⁰d
208 396 357 477 putarem
378 394 563 460 mnndum
580 395 615 458 in
633 394 770 481 legib&
804 399 881 462 Arr.
898 393 1024 458 Reddas
1043 393 1102 479 igi-
1122 407 1154 457 13

101 486 155 545 tur
183 481 292 567 nobis,
322 486 360 547 nt
385 481 421 547 in
447 482 615 568 religionis
642 481 715 569 lege
741 481 849 548 fecisti
876 482 1043 548 admonitu
1070 485 1103 547 et

100 572 219 656 rogatu
242 591 327 654 meo,
350 570 398 636 sic
419 569 459 636 de
481 571 728 657 magistratibus
750 574 787 636 ut
810 571 963 656 disputes,
985 569 1102 654 quibus

73 657 140 721 ede
163 657 269 722 causis
292 658 431 725 maxime
452 659 581 744 placeat
602 658 667 724 ista
685 659 861 744 discriptio.
896 659 945 724 M.
962 656 1103 742 Faciam,

12 751 15 754 ’
101 743 224 828 Attice,
239 747 289 810 'ut
310 746 374 831 ria,
402 750 436 812 et
459 747 565 813 locum
587 747 687 812 istum
708 751 829 830 totum,
852 751 893 811 ut
915 769 936 812 a
958 746 1103 812 doctissi-

101 834 163 898 mis
187 832 340 899 Graeciae
364 835 547 919 quaesitum
569 839 603 900 et
625 835 826 920 disputatum
849 837 912 916 cst,
935 834 1102 921 explicabo

102 927 144 1005 et,
157 924 194 986 ut
207 921 344 1008 institui,
357 927 472 988 nostra
483 924 556 988 iura
569 923 738 1009 attingam.
766 925 844 990 Arr.
858 922 951 991 Istud
964 922 1103 988 maxime

102 1013 234 1095 expecto
267 1011 444 1076 disserendi
475 1033 585 1099 genus.
631 1012 680 1077 M.
708 1011 812 1097 Atqui
842 1012 996 1098 pleraque
1028 1013 1104 1076 sunt

62 1117 87 1155 ιο
102 1099 188 1164 dicta
218 1099 347 1164 inillis
376 1099 483 1184 libris,
515 1099 601 1184 quod
626 1099 807 1166 faciendum
833 1099 910 1183 fuit,
940 1121 1038 1185 quom
1064 1099 1103 1164 dc

101 1191 236 1271 optuma
258 1209 292 1252 rc
314 1187 445 1271 publica
468 1192 687 1272 quaereretur3
711 1188 767 1253 sed
784 1189 880 1254 huius
898 1188 962 1254 loci
981 1187 1019 1252 de
1038 1209 1104 1252 ma

102 1275 294 1361 gistratibus
318 1280 394 1340 sunt
415 1276 548 1361 proprie
570 1276 728 1360 quaedam
751 1299 770 1341 a
792 1276 1017 1361 Theophrasto
1040 1275 1104 1360 pri-

101 1363 336 1518 affl,
358 1361 646 1517 {dilatus
659 1365 1104 1518 qllillhiultduiuea
1122 1423 1154 1550 ⁶,
1284 1447 1285 1520 ³

63 1557 88 1595 1⁵
102 1541 200 1605 sunt?
227 1541 275 1605 M.
296 1538 329 1604 N
331 1562 373 1604 on
396 1561 473 1605 sane
490 1540 554 1605 nisi
572 1541 614 1606 ab
633 1561 680 1624 eo,
703 1562 799 1624 quem
816 1540 912 1606 modo
930 1540 1105 1625 nominavi,
1123 1501 1137 1550 ¹

102 1633 136 1692 et
157 1631 273 1714 postea
296 1651 316 1692 a
338 1649 457 1714 magno
479 1628 610 1694 homine
628 1631 662 1694 et
678 1629 714 1693 in
730 1629 844 1714 primis
866 1628 1001 1712 erudito,
1022 1627 1104 1692 Pan·

102 1717 196 1782 aetio,
241 1715 328 1781 Nam
359 1720 486 1782 veteres
518 1718 617 1782 verbo
643 1720 738 1783 tenus
766 1719 858 1782 acute
886 1717 937 1780 illi
965 1715 1103 1801 quidem,

103 1805 159 1869 sed
180 1826 247 1870 non
265 1805 408 1870 adhunc
426 1826 521 1870 usum
539 1806 729 1890 popularem
751 1809 848 1890 atque
866 1805 994 1870 civilem
1012 1804 1051 1870 de
1069 1827 1104 1870 re

102 1893 233 1978 publica
256 1893 466 1958 disserebant
494 1893 547 1959 Ab
565 1894 626 1959 hac
644 1892 771 1959 familia
788 1894 893 1980 magis
912 1893 978 1958 ista
995 1915 1105 1958 mana·

63 2001 89 2038 20
102 1986 178 2046 runt
210 1980 348 2047 Platone
383 1982 541 2068 principe;
576 1987 652 2066 post
683 1981 879 2048 Aristoteles
915 1981 1104 2047 inlustravit

103 2091 230 2134 omnem
252 2070 338 2135 hunc
360 2069 489 2135 civilem
510 2071 545 2135 in
568 2070 760 2155 disputando
779 2072 887 2136 locum
904 2069 1105 2136 Heraclides·

104 2179 164 2242 que
174 2157 327 2222 Ponticus
340 2158 505 2243 profectus
519 2159 561 2223 ab
576 2159 686 2225 eodem
695 2158 846 2243 Platonc3
859 2158 1105 2244 Theophrastus

102 2267 179 2310 vero
206 2245 376 2311 institutus
403 2247 445 2312 ab
467 2246 646 2311 Aristotele
673 2247 849 2333 habitavit,
877 2250 916 2312 ut
939 2246 1041 2332 scitis,
1070 2247 1105 2311 in

104 2353 142 2399 eo
165 2355 282 2419 genere
303 2355 425 2418 rerum,
450 2335 491 2399 ab
515 2335 689 2419 eodemque
711 2335 890 2401 Aristotele
914 2334 1026 2400 doctus
1049 2333 1105 2399 Di-

64 2439 90 2478 25
104 2421 276 2487 caearchus
303 2421 379 2486 huic
405 2422 526 2488 rationi
552 2422 722 2507 studioque
748 2445 814 2488 non
840 2423 956 2507 defuit3
986 2427 1063 2508 post
1085 2445 1106 2488 a

104 2509 330 2595 Theophrasto
355 2508 532 2576 Phalereus
563 2511 620 2576 ille
646 2511 846 2595 Demetrius,
877 2509 916 2576 de
948 2532 1011 2596 quo
1042 2510 1106 2576 feci

105 2621 204 2683 supra
226 2597 437 2683 mentionem,
459 2599 652 2665 mirabiliter
674 2599 854 2666 doctrinam
877 2621 916 2664 ex
938 2599 1106 2664 umbracu-

104 2687 145 2752 lis
173 2687 372 2752 eruditorum
401 2687 531 2772 otioque
557 2708 624 2754 non
651 2688 747 2753 modo
769 2687 803 2752 in
826 2688 928 2753 solem
951 2692 1049 2772 atque
1070 2688 1106 2753 in

104 2776 279 2860 pulverem,
302 2775 358 2840 sed
380 2774 415 2839 in
436 2776 544 2860 ipsum
567 2776 738 2842 discrimen
761 2774 924 2860 aciemque
944 2776 1105 2862 produxit.

64 2881 90 2919 ao
104 2863 191 2928 Nam
218 2867 251 2928 et
274 2863 478 2929 mediocriter
501 2864 612 2930 doctos
635 2885 772 2950 magnos
794 2864 885 2928 inre
908 2864 1038 2949 publica
1060 2863 1106 2928 vi·

104 2971 159 3017 ros
186 2955 220 3016 et
246 2951 450 3018 doctissimos
476 2953 623 3018 homines
651 2974 716 3018 non
742 2951 839 3017 nimis
861 2952 896 3017 in
918 2951 1106 3036 republica

104 3043 252 3106 versatos
285 3041 407 3106 multos
439 3062 689 3107 commemorare
720 3062 905 3125 possumus,
942 3041 997 3124 qui
1028 3061 1105 3106 vero

103 3131 241 3213 utraque
270 3151 306 3194 re
334 3128 517 3215 excelleret,
545 3134 582 3194 ut
610 3133 643 3194 ei
669 3129 834 3195 doctrinae
860 3129 976 3193 studiis
1003 3131 1037 3192 et
1058 3149 1106 3194 re·

105 3217 211 3304 genda
233 3217 364 3283 civitate
386 3217 535 3303 princeps
555 3222 648 3302 esset,
672 3217 743 3302 quis
760 3217 856 3283 facile
874 3221 1002 3303 praeter
1020 3217 1106 3282 hune

64 3305 241 3374 conveniri
262 3307 393 3391 potest?

169 3396 245 3460 Arr.
267 3393 352 3460 Puto
375 3414 479 3480 posse,
502 3399 535 3459 et
558 3393 686 3480 quidem
709 3395 850 3481 aliquem
870 3395 909 3461 de
926 3395 1033 3461 tribus
1049 3416 1105 3460 no·

103 3482 168 3569 his3
191 3483 247 3548 sed
269 3504 378 3570 perge,
400 3486 438 3549 ut
460 3504 620 3569 coeperas.
