2578 3874
182 154 249 218 402
581 153 630 206 DE
648 152 804 208 LEGIBUS

181 321 234 364 res
265 320 389 382 omnes,
418 301 504 381 tum,
535 299 621 384 quod
651 302 702 382 est
732 297 975 382 difficillimum,
1006 297 1130 381 docuit,
1158 301 1194 362 ut

181 391 310 452 nosmet
332 387 421 472 ipsos
439 409 660 470 nosceremus;
681 387 773 452 cuius
791 386 958 471 praecepti
980 390 1075 450 tanta
1093 387 1144 451 vis
1163 391 1195 450 et

181 479 277 540 tanta
300 475 462 540 sententia
486 479 549 559 est,
578 478 615 538 ut
638 497 676 540 ee
698 497 765 540 non
786 474 913 539 homini
936 475 1116 559 quoipiam,
1139 474 1196 539 sed

128 576 163 625 oe
182 563 342 649 Delphico
366 563 425 628 deo
446 563 653 628 tribueretur.
689 561 776 627 Nam
796 562 852 646 qui
871 584 905 627 oe
923 562 993 647 ipse
1011 563 1110 647 norit,
1132 562 1197 647 pri-

181 675 271 717 mum
299 651 423 736 aliquid
452 673 487 716 se
509 650 630 716 habere
653 651 773 715 sentiet
796 651 941 715 divinum
964 650 1224 737 ingeniumques

181 740 216 804 in
239 762 273 804 se
296 763 391 805 suum
414 739 497 805 sicut
520 739 730 805 simulacrum
753 739 886 823 aliquod
905 739 1047 804 dicatum
1065 739 1200 825 putabit

181 833 339 913 tantoque
371 850 503 893 munere
530 828 664 892 deorum
692 849 819 912 semper
848 827 983 913 dignum
1011 827 1137 911 aliquid
1163 831 1200 892 et

181 917 279 982 faciet
303 921 337 981 et
360 918 479 981 sentiet
502 919 549 1000 et,
579 938 677 999 quom
700 916 828 1001 seipse
850 916 1053 1001 perspexerit
1075 919 1199 980 totum·

183 1028 244 1090 que
267 1005 453 1090 temptarit,
481 1004 666 1090 intelleget,
695 1026 789 1088 quern
814 1003 1010 1068 admodum
1035 1026 1055 1068 a
1077 1007 1199 1068 natura

183 1094 379 1159 subornatus
411 1093 447 1157 in
477 1093 581 1158 vitam
608 1093 734 1158 venerit
763 1095 949 1176 quantaque
976 1092 1240 1156 instrumentum

182 1182 304 1246 habeat
339 1181 380 1246 ad
412 1181 622 1246 obtinendam
654 1180 959 1266 adipiscendemque
991 1180 1199 1265 sapientiam,

183 1269 337 1354 quoniam
364 1269 523 1354 principio
551 1291 661 1334 rerum
688 1269 833 1333 omnium
861 1268 956 1354 quasi
984 1269 1199 1333 adumbratas

182 1357 425 1442 intellegentias
454 1358 562 1422 animo
592 1380 629 1423 ec
652 1362 760 1422 mente
784 1358 980 1443 conceperit,
1008 1357 1127 1441 quibus
1151 1357 1200 1422 in-

183 1446 334 1511 lustratis
353 1446 514 1530 sapientia
531 1447 610 1511 duce
628 1447 750 1510 bonum
768 1446 874 1511 virum
893 1448 927 1510 et
945 1444 986 1510 ob
1002 1467 1075 1510 eam
1087 1446 1200 1531 ipsam

130 1504 173 1569 23

129 1582 163 1631 ,30
183 1557 315 1600 causam
345 1538 457 1600 cernat
485 1556 519 1599 se
547 1535 680 1600 beatum
706 1534 785 1599 fore.
830 1533 917 1599 Nam
945 1554 1044 1619 quom
1067 1534 1199 1598 animus
1215 1553 1240 1592 11

183 1623 323 1708 cognitis
353 1623 578 1708 perceptisque
611 1623 788 1687 virtutibus
817 1646 837 1688 a
864 1622 1010 1707 corporis
1038 1623 1199 1707 obsequio

182 1711 449 1797 indulgentiaque
477 1705 662 1777 discesserit
688 1713 956 1797 voluptatemque
979 1711 1064 1775 sicut
1087 1711 1200 1776 labem

183 1799 327 1883 aliquem
355 1799 519 1864 dedecoris
547 1800 746 1884 oppresserit
776 1820 968 1882 omnemque
996 1799 1114 1863 mortis
1143 1800 1201 1865 do-

184 1888 326 1971 lorisque
349 1887 501 1951 timorem
524 1888 674 1974 effugerit
701 1888 954 1971 societatemque
972 1887 1120 1952 caritatis
1147 1910 1200 1954 co-

182 1975 258 2040 ierit
276 1997 349 2040 cum
368 1975 435 2039 suis
455 1977 623 2059 omnisque
636 1979 756 2041 natura
769 1976 958 2042 coniunctos
976 1997 1051 2040 suos
1067 1976 1200 2041 duxerit
1213 1996 1238 2035 11

183 2063 370 2146 cultumque
394 2064 527 2128 deorum
550 2068 584 2128 et
606 2087 722 2148 puram
744 2065 937 2152 religionem
960 2064 1141 2149 susceperit
1165 2070 1199 2130 et

183 2151 346 2216 exacuerit
377 2151 483 2235 illam,
515 2155 552 2216 ut
583 2153 765 2236 oculorum,
798 2153 844 2218 sic
873 2152 996 2237 ingenii
1023 2153 1127 2217 aciem
1156 2154 1200 2218 ad

182 2241 269 2305 bone
293 2239 459 2324 seligenda
482 2242 515 2303 et
538 2239 699 2306 reicienda
721 2241 898 2325 contraria,
922 2263 1005 2325 quac
1027 2241 1133 2306 virtus
1158 2263 1199 2306 ex

182 2328 380 2414 providendo
404 2331 454 2392 est
473 2329 640 2412 appellata
656 2329 878 2414 prudentia,
903 2329 979 2413 quid
998 2351 1036 2394 eo
1056 2328 1121 2395 dici
1138 2334 1199 2395 aut

128 2429 162 2478 61
183 2417 322 2502 cogitari
345 2416 467 2502 poterit
490 2417 654 2481 beatius?
676 2417 830 2501 Idemque
853 2440 952 2503 quom
974 2419 1109 2501 caelum,
1132 2422 1198 2483 ter·
1213 2437 1238 2477 2⁵

182 2527 252 2588 rae,
285 2505 388 2570 maria
420 2526 591 2588 rerumque
624 2506 769 2570 omnium
800 2509 952 2570 naturam
983 2508 1198 2592 perspexerit,

183 2615 283 2677 eaque
310 2593 394 2659 unde
423 2598 591 2678 generata,
624 2615 688 2676 quo
716 2616 886 2659 recursura
912 2595 1101 2680 aliquando,
1130 2617 1197 2679 quo

182 2682 278 2746 modo
307 2681 451 2763 obitura,
480 2681 556 2765 quid
578 2681 614 2745 in
635 2681 675 2746 iis
699 2684 838 2747 mortale
862 2685 895 2747 et
919 2683 1086 2767 caducum,
1115 2684 1196 2768 quid

183 2769 328 2835 divimnn
351 2773 581 2854 aeternumque
605 2769 662 2853 sit,
691 2771 809 2836 viderit
832 2771 1003 2856 ipsumque
1026 2793 1065 2836 ea
1088 2772 1197 2837 mode

181 2862 309 2922 rentem
340 2860 373 2921 et
402 2861 569 2943 regentem
598 2881 701 2942 paene
732 2859 899 2943 prenderit
926 2881 1059 2943 seseque
1085 2881 1154 2925 non
1173 2861 1239 2945 †so

183 2947 288 3010 omnis
317 2945 551 3010 circumdatum
574 2947 744 3011 moenibus
767 2948 959 3032 popularem
982 2948 1119 3013 alicuius
1143 2949 1196 3014 de

182 3035 268 3097 finiti
295 3033 372 3117 loci,
401 3033 457 3098 sed
480 3034 582 3099 civem
605 3035 708 3100 totius
732 3037 844 3100 mundi
868 3035 962 3120 quasi
983 3037 1079 3100 unius
1102 3038 1196 3102 urbis

183 3121 367 3206 agnoverit,
394 3121 430 3187 in
458 3122 520 3187 hac
547 3123 604 3187 ille
631 3123 875 3209 magnificentia
902 3146 1011 3190 rerum
1039 3129 1137 3208 utque
1159 3126 1197 3191 in

113 3281 115 3286 ,
181 3209 244 3274 hoc
275 3214 449 3293 conspectu
477 3213 510 3274 et
538 3211 723 3296 cognitione
750 3215 900 3296 naturae,
932 3213 965 3276 di
993 3213 1195 3299 inmortales,

183 3319 281 3380 quem
305 3318 339 3360 se
362 3297 433 3381 ipse
455 3302 582 3363 noscet!
608 3301 693 3383 quod
716 3300 838 3385 Apollo
862 3301 1028 3386 praecepit
1045 3301 1194 3387 Pythius,
1208 3321 1235 3362 es

129 3406 281 3504 24quam
299 3388 492 3469 contemnet,
516 3408 614 3469 quam
633 3388 796 3473 despiciet,
820 3410 918 3472 quam
936 3411 996 3475 pro
1015 3390 1118 3454 nihilo
1138 3414 1195 3475 pu·

130 3519 163 3566 62
183 3470 268 3536 tabit
287 3493 334 3548 ea,
353 3493 435 3555 quae
454 3473 552 3558 volgo
572 3475 721 3540 dicuntur
741 3476 956 3560 amplissima!
987 3476 1096 3561 Atque
1114 3478 1194 3544 haec
