2528 3880
315 172 383 230 ΜΒ.
401 174 436 230 IL
455 173 532 232 cAP.
551 181 666 232 ac-av.
684 180 700 242 a
718 181 832 232 ta-ea.
1013 173 1078 238 327

72 316 268 381 aestumatio
290 318 449 403 pecudum
470 318 507 383 in
528 319 634 384 multa
655 321 728 406 lege
750 317 786 384 (l.
808 316 886 383 Iulii
903 317 940 382 P.
957 316 1081 404 Papirii

72 403 241 468 consulum
264 406 444 471 constituta
466 410 525 471 est.
1061 493 1068 507 Ι
1092 462 1136 528 36

136 488 201 557 Sed
220 492 347 576 aliquot
370 498 445 559 ante
469 496 571 578 aunis,
594 517 667 561 cum
690 517 818 560 summa
841 497 929 560 esset
946 497 1082 595 aucton-
1101 541 1133 590 3,

71 582 121 642 tas
150 579 188 644 in
220 585 336 646 senatu
367 584 490 668 populo
521 583 667 668 patiente
695 587 793 668 atque
820 586 969 668 parente,
999 585 1083 652 rmta

43 667 154 732 aratio
179 671 245 753 est,
271 673 309 734 ut
331 673 365 734 et
386 671 536 736 consules
559 675 593 736 et
614 672 739 736 tribuni
761 673 805 756 pl.
829 671 1026 756 magistratu
1048 691 1083 735 se

70 755 270 841 abdicarent,
293 760 390 841 atque
411 762 450 822 ut
472 759 559 824 xviri
581 760 723 824 maxima
741 763 905 845 potestate
925 759 993 824 sine
1010 779 1083 844 pro-

68 841 252 931 vocatiolne
277 851 472 930 crearentur,
495 847 550 931 qui
570 852 603 912 et
621 869 785 912 summum
802 847 973 932 imperium
992 848 1034 927 [p.
1048 861 1082 910 ra

68 930 232 997 baberent
246 937 280 998 et
293 933 382 1019 leges
398 934 585 1000 scriberent.
612 934 761 1010 Quicum
775 953 798 1000 x
812 935 941 1001 tabulas
956 956 1084 1000 summa

67 1020 181 1104 legum
209 1021 374 1105 aequitate
400 1023 635 1109 prudentiaque
664 1024 944 1108 conscripsissent,
972 1023 1007 1088 in
1029 1044 1083 1088 an-

31 1125 57 1164 10
68 1129 147 1173 num
175 1112 346 1194 posterum
374 1111 572 1176 decemviros
601 1112 683 1178 alios
707 1112 980 1197 subrogaverunt,
1007 1132 1083 1194 quo-

68 1219 143 1260 rum
178 1218 247 1262 non
279 1198 430 1264 similiter
460 1200 541 1265 fides
573 1221 633 1264 neo
664 1200 790 1264 iustitia
822 1198 962 1264 laudata
1012 1197 1083 1274 Quo

68 1287 182 1350 tamen
215 1307 233 1350 e
266 1287 406 1373 collegio
433 1287 506 1353 laus
535 1292 585 1352 est
612 1289 672 1352 illa
699 1288 817 1352 eximia
844 1285 879 1352 O.
905 1286 996 1372 Iulii,
1028 1286 1084 1371 qui

68 1371 238 1438 hominem
261 1374 422 1459 nobilem,
443 1375 480 1440 L.
503 1373 659 1460 Sestium,
682 1376 771 1441 cuius
794 1376 829 1440 in
852 1373 947 1461 cu1bi·
971 1377 1012 1456 [p.
1033 1391 1083 1440 137

68 1461 143 1526 culo
163 1461 327 1528 ecfossum
346 1484 417 1528 esse
436 1485 471 1530 ae
489 1467 660 1549 praesente
678 1467 844 1528 mortuum
863 1464 993 1547 diceret,
1011 1485 1084 1528 oum

30 1564 55 1604 1⁵
68 1549 139 1633 ipse
167 1554 367 1635 potestatem
395 1571 556 1616 summam
583 1551 732 1634 haberet,
760 1552 846 1635 quod
869 1551 1084 1616 decemvirum

69 1637 140 1702 sine
167 1640 401 1722 provocatione
425 1644 524 1724 esset,
551 1640 649 1705 vades
672 1642 783 1703 tamen
805 1639 971 1724 poposcit,
999 1640 1084 1722 quod

68 1746 103 1790 se
127 1726 239 1811 legem
257 1726 351 1791 illam
368 1728 573 1811 praeclaram
592 1727 816 1810 neglecturum
834 1731 980 1812 negaret,
1002 1748 1085 1811 quae

69 1813 108 1878 de
132 1814 242 1899 capite
266 1815 345 1881 civis
368 1815 510 1880 Romani
532 1815 597 1880 nisi
615 1814 757 1880 comitiis
775 1816 965 1879 centuriatis
984 1813 1085 1879 statui

29 1904 270 2055 mvetadditius
299 1995 349 2055 est
373 2013 476 2056 annus
499 1991 638 2057 xviralis
661 1993 865 2074 consecutus,
892 2013 965 2090 cum
987 1991 1085 2054 iidem
1096 1955 1138 2083 *ἒξ

69 2081 183 2142 essent
206 2100 266 2143 nec
289 2079 372 2143 alios
396 2079 575 2164 subrogare
598 2080 786 2143 voluissent.
807 2078 812 2161 Ι
831 2077 871 2143 In
891 2078 954 2144 hoc
974 2080 1014 2158 [p.
1035 2093 1085 2142 138

68 2169 163 2230 statu
194 2166 243 2230 rei
270 2167 435 2251 publicae,
465 2188 560 2252 quem
589 2167 655 2230 dixi
680 2167 747 2231 iam
774 2188 871 2251 saepe
898 2188 965 2231 non
989 2187 1085 2250 posse

68 2275 143 2319 esse
166 2254 366 2338 diuturnum,
390 2255 477 2338 quod
498 2276 566 2320 non
582 2258 669 2318 esset
686 2255 721 2319 in
739 2255 845 2319 omnis
864 2254 992 2319 ordines
1012 2253 1087 2317 civi·

68 2343 152 2406 tatis
177 2342 367 2426 aequabilis,
391 2346 462 2408 erat
484 2363 583 2426 penes
606 2342 768 2427 principes
791 2346 863 2408 tota
885 2341 1087 2426 respublica

28 2446 53 2486 2⁵
67 2430 270 2516 praepositis
298 2430 403 2496 xviris
426 2429 653 2513 nobilissimiS,
675 2452 741 2495 non
763 2430 923 2515 oppositis
945 2429 1086 2492 tribunis

68 2519 131 2604 pl.,
152 2519 256 2583 nullis
280 2519 355 2583 aliis
380 2518 540 2583 adiunctis
563 2518 822 2604 magistratibus,
844 2539 911 2582 non
932 2538 1086 2603 provoca·

69 2606 161 2671 tione
194 2606 237 2671 ad
269 2607 428 2692 populum
461 2610 575 2671 contra
603 2627 714 2671 necem
742 2609 775 2670 et
800 2605 937 2669 verbera
963 2603 1086 2668 relicta.

67 2694 162 2780 Ergo
191 2694 310 2759 horum
338 2716 378 2759 ex
403 2693 571 2759 iniustitia.
594 2694 702 2759 subito
730 2697 843 2759 exorta
870 2696 921 2757 est
943 2692 1085 2756 maxima
1104 2707 1139 2756 63

66 2782 286 2867 perturlbatio
310 2786 344 2847 et
365 2782 469 2846 totius
492 2783 704 2846 commutatio
727 2782 775 2846 rei
792 2780 954 2866 publicae3
979 2781 1019 2860 [p.
1035 2794 1086 2845 183

27 2887 53 2926 ³⁰
68 2870 127 2954 qui
155 2869 283 2935 duabus
310 2870 434 2936 tabulis
457 2870 641 2953 iniquarum
664 2871 775 2955 legum
799 2867 932 2952 additis,
960 2867 1087 2952 quibus,

32 2965 37 2974 '
67 2959 173 3023 etiam
206 2979 291 3043 quae
323 2957 477 3023 diiunctis
508 2958 639 3043 populis
671 2957 774 3021 tribui
803 2957 910 3022 solent
940 2955 1087 3040 conubia,

65 3047 151 3111 haec
174 3046 227 3110 illi
246 3049 284 3110 ut
300 3067 343 3110 ne
361 3045 471 3131 plebei
489 3067 562 3110 oum
581 3045 729 3130 patribus
749 3048 866 3128 essent,
889 3042 1087 3108 inhumanis·

66 3136 154 3199 sima
182 3135 257 3220 lege
287 3137 478 3216 sanxerunt,
506 3154 588 3217 quae
610 3137 726 3218 postea
747 3133 855 3218 plebei
878 3131 959 3196 scito
983 3129 1087 3197 Canu·

65 3224 133 3288 leio
153 3223 319 3308 abrogata
338 3226 398 3306 est,
416 3221 652 3304 libidinoseque
671 3222 760 3285 omni
773 3221 909 3304 imperio
925 3224 957 3284 et
972 3221 1086 3286 acerbe

26 3326 51 3368 ³⁵
66 3315 101 3376 et
125 3331 227 3376 avare
249 3310 374 3396 populo
397 3308 618 3394 praefuerunt.
653 3306 743 3374 Nota
762 3309 886 3374 scilicet
903 3308 963 3372 illa
983 3329 1035 3374 res
1054 3312 1088 3373 et

65 3399 238 3465 celebrata
257 3399 486 3480 monumenltis
505 3395 654 3481 plurimis
674 3397 867 3480 litterarum,
890 3419 963 3462 cum
983 3398 1023 3476 [p.
1036 3411 1087 3462 184

64 3487 226 3554 Decimus
260 3485 393 3569 quidam
420 3483 597 3568 Verginius
628 3485 787 3569 virginem
819 3485 922 3549 filiam
950 3488 1086 3570 propter
