2590 3880
221 137 265 201 28
531 135 582 191 DE
599 135 752 192 NATURA
770 134 926 192 DEORUM

116 339 118 346 ,
222 280 376 367 mutavit,
402 284 442 347 ut
468 281 554 366 quod
580 282 678 365 paulo
706 283 782 346 ante
810 281 849 346 de
875 279 1087 346 inclinatione
1110 284 1237 347 atomo-

222 392 295 435 rum
319 369 393 454 dixi,
415 373 528 435 tamen
548 370 704 454 pleraque
728 369 806 434 dicit
824 369 945 453 eadem,
969 372 1106 453 atomos,
1129 369 1236 454 inane,

221 457 1237 612 ileuuetescoemiteriis

222 640 359 702 naturae
386 596 472 701 ratio
500 596 692 700 continetui.
737 632 832 699 Nunc
858 596 943 699 istuc
971 567 1271 720 ‘quasi'cirpus'i

170 737 205 787 '14
224 728 258 789 et
285 723 392 809 ‘quasi
419 722 623 809 sanguinem'
651 721 728 806 quid
754 721 941 808 intellegis?
985 721 1058 809 Ego
1087 723 1175 787 enim
1202 726 1237 787 te

223 813 306 877 seire
324 812 390 876 ista
408 811 525 876 melius
545 833 642 895 quam
660 832 712 875 me
730 831 797 875 non
809 808 915 875 fateor
929 811 1045 894 solum,
1063 809 1237 875 sedetiam

222 900 319 965 facile
342 899 465 985 patior3
488 921 561 964 cum
585 898 715 982 quidem
738 898 838 962 semel
861 897 1055 983 dictasunt,
1078 897 1238 983 quidest,

224 988 311 1071 quod
336 985 482 1052 Velleius
514 987 706 1073 intellegere
732 987 851 1071 possit,
882 985 982 1052 Cotta
1012 1007 1079 1052 non
1093 988 1237 1072 possit?

223 1074 339 1159 Itaque
371 1095 489 1160 eorpus
520 1075 598 1159 quid
624 1076 681 1158 sit,
713 1075 846 1160 sanguis
874 1075 951 1159 quid
978 1074 1035 1159 sit,
1066 1075 1238 1162 intellego,
1251 1093 1271 1133 ιι

95 1162 98 1167 ’
224 1163 320 1317 ht
341 1165 515 1336 tillet
538 1162 1237 1338 llll}dliiisqtldl'uludllligtssh

224 1339 353 1405 solebat
380 1340 517 1424 alienos,
544 1361 605 1406 nec
631 1339 781 1405 consulto
810 1339 889 1404 dieis
917 1301 1041 1404 deculte
1064 1343 1239 1424 tamquam

223 1427 425 1512 Heraclitus,
453 1427 510 1492 sed
532 1426 634 1514 (quod
655 1428 741 1492 inter
762 1448 823 1492 nos
846 1425 958 1514 liceat)
979 1449 1022 1492 ne
1043 1430 1081 1492 tu
1105 1429 1238 1512 quidem

171 1488 213 1615 {57
224 1516 398 1603 intellegis.
427 1515 515 1580 Illud
532 1516 626 1581 video
644 1536 792 1601 pugnare
810 1518 853 1599 te,
876 1515 999 1600 species
1018 1519 1056 1580 ut
1074 1518 1238 1600 quaedam
1251 1533 1271 1574 1⁵

225 1603 269 1670 sit
283 1605 424 1688 deorum,
440 1626 522 1687 quae
535 1603 619 1669 nihil
633 1603 775 1669 concreti
787 1603 917 1688 habeat,
930 1604 1014 1669 nihil
1028 1604 1134 1688 solidi,
1152 1606 1237 1669 nihil

223 1693 377 1847 hezli}
399 1692 1237 1867 &distiteritelithildis

223 1869 306 1933 illud
332 1890 398 1935 non
425 1872 489 1952 est,
517 1868 573 1933 sed
601 1830 707 1934 siiuile
735 1868 893 1953 corporis,
919 1891 979 1934 nec
1006 1869 1063 1933 ille
1085 1868 1180 1934 fusus
1204 1875 1238 1935 et

224 1956 363 2022 candore
391 1956 512 2021 mixtus
535 1956 636 2021 rubor
658 1956 791 2041 sanguis
815 1959 878 2040 est,
901 1955 958 2022 sed
981 1957 1140 2041 quaedam
1164 1979 1237 2023 sau-
1250 1976 1270 2014 2⁰

225 2045 332 2131 guinis
361 2043 554 2129 similitudo,
586 2044 632 2109 sic
658 2045 694 2108 in
714 2043 874 2128 Epicureo
903 2044 962 2110 deo
991 2066 1058 2110 non
1084 2067 1150 2130 res,
1180 2047 1238 2112 sed

224 2133 453 2197 similitudines
480 2154 590 2197 rerum
620 2153 699 2197 esse.
743 2131 809 2198 Fac
835 2131 881 2216 id,
912 2133 998 2216 quod
1020 2154 1061 2198 ne
1083 2133 1238 2220 intellegi

225 2221 354 2306 quidem
377 2224 501 2306 potest,
524 2220 606 2286 mihi
628 2242 698 2286 esse
720 2241 925 2306 persuasum3
952 2221 1028 2286 cedo
1052 2221 1134 2286 mihi
1155 2223 1238 2288 isto

223 2332 296 2374 rum
320 2309 587 2374 adumbratorum
610 2309 743 2374 deorum
765 2308 957 2374 liniamenta
979 2313 1078 2394 atque
1099 2309 1237 2376 formas.

172 2411 205 2460 te
223 2397 301 2464 Non
333 2397 423 2462 deest
454 2396 615 2462 hocloco
644 2397 738 2482 eopia
764 2397 941 2480 rationum,
973 2397 1090 2481 quibus
1120 2398 1270 2464 doceres

223 2485 332 2553 velitis
362 2485 522 2550 humanas
550 2506 621 2550 esse
647 2485 771 2550 formas
800 2484 946 2569 deorum3
977 2485 1118 2571 primum
1148 2488 1238 2570 quod

223 2575 272 2640 ita
286 2575 329 2638 sit
347 2573 560 2639 informatum
579 2572 850 2657 anticipatuche
867 2572 1030 2638 mentibus
1044 2573 1180 2659 nostris,
1199 2580 1237 2641 ut

223 2663 357 2747 homini,
380 2683 453 2728 oum
476 2661 515 2726 de
538 2660 597 2726 deo
621 2661 753 2747 cogitet,
774 2660 882 2726 forma
905 2665 1054 2726 occurrat
1075 2661 1237 2748 humana,
1283 2677 1284 2682 ’

224 2751 337 2816 deinde
361 2749 459 2834 quod,
486 2748 638 2834 quoniam
661 2749 758 2814 rebus
781 2748 930 2814 omnibus
954 2750 1092 2814 excellat
1113 2755 1238 2817 natura

225 2839 347 2923 divina,
379 2838 486 2902 forma
514 2859 641 2922 quoque
671 2857 741 2901 esse
766 2835 985 2921 pulcherrima
1013 2838 1144 2922 debeat,
1174 2862 1236 2918 nee
1249 2855 1270 2897 so

224 2948 294 2992 esse
313 2927 456 2991 hnmana
474 2926 576 2991 ullam
594 2924 828 3010 pulchriorem3
849 2925 983 2991 tertiam
1000 2927 1163 2992 rationem
1181 2929 1237 2993 ad·
1283 2923 1284 2972 l

223 3013 331 3097 fertis,
359 3015 445 3098 quod
467 3014 559 3079 nulla
582 3012 648 3078 alia
669 3013 775 3099 figura
798 3013 997 3080 domicilium
1019 3015 1139 3080 mentis
1163 3038 1236 3082 esse

172 3123 205 3173 77
223 3102 337 3187 possit.
385 3100 533 3167 Primum
559 3101 663 3187 igitur
690 3101 830 3185 quidque
857 3103 1025 3168 considera
1052 3103 1149 3187 quale
1177 3105 1237 3190 sic3
1283 3131 1284 3182 l

224 3189 367 3273 arripere
399 3190 486 3254 enim
517 3189 598 3255 mihi
629 3188 783 3254 videmini
810 3190 904 3273 quasi
930 3193 1040 3256 vestro
1066 3192 1137 3256 iure
1164 3215 1237 3259 rem

222 3277 314 3342 nullo
338 3277 433 3342 modo
456 3277 670 3362 probabilem.
711 3276 850 3343 Omnino
875 3279 947 3363 quis
970 3282 1040 3343 tam
1063 3301 1178 3346 caecus
1200 3283 1237 3346 in
1248 3297 1284 3354 ³⁵}

224 3364 482 3448 contemplandis
518 3365 614 3430 rebus
646 3387 800 3449 umquam
831 3365 908 3451 fuit,
943 3369 981 3431 ut
1012 3387 1077 3432 non
1109 3369 1237 3448 videret
1283 3423 1284 3430 ,

223 3451 346 3540 speeies
372 3452 455 3517 istas
482 3452 651 3519 hominum
678 3454 824 3519 conlatas
852 3454 887 3518 in
917 3453 993 3519 deos
1016 3458 1074 3519 aut
1096 3457 1237 3524 consilio
