2578 3874
183 166 248 231 334
536 165 586 218 DE
604 164 653 219 RE
670 162 828 220 PUBLIOA

180 313 251 380 bus.
286 310 395 376 Pluris
418 331 495 376 vero
518 310 599 375 haec
621 309 701 373 tulit
722 331 788 376 uua
809 309 940 393 civitas,
963 308 992 374 si
1013 307 1121 372 minus
1145 328 1196 373 sa·

180 400 315 488 pientis,
342 399 495 484 quoniam
522 397 557 462 id
582 419 702 463 nomen
727 398 779 462 illi
805 401 876 464 tarn
898 397 1048 462 restricte
1070 398 1196 480 tenent,

180 495 217 556 at
248 493 334 556 certe
367 509 494 552 summa
523 486 619 550 laude
649 486 780 572 dignos,
812 485 967 570 quoniam
996 485 1196 574 sapientium

180 580 355 665 praecepta
384 579 418 640 et
446 576 580 639 inventa
607 574 785 639 coluerunt.
830 574 941 658 Atque
970 573 1083 656 etiam,
1113 576 1196 674 quot

180 668 267 748 pus]
287 669 320 730 et
343 666 419 729 sunt
441 662 622 727 laudandae
645 662 794 727 civitates
813 665 847 727 et
864 662 1005 742 fuerunt,
1029 657 1199 747 quolmarn
1222 679 1235 718 i

179 755 215 820 id
236 759 287 820 est
308 753 343 817 in
365 773 474 816 rerum
496 753 616 816 natura
637 750 735 836 longe
758 751 893 815 maximi
915 749 1052 832 consilii,
1075 750 1198 814 consti·
1270 763 1271 818 l

180 848 271 908 tuere
299 863 371 906 eam
397 861 468 903 rem
494 838 675 924 publicam,
703 861 785 922 quae
809 838 915 923 possit
938 859 1008 903 esse
1032 837 1197 921 diuturna,
1270 835 1271 846 ’

180 933 209 997 si
231 929 379 1016 singulos
402 949 608 993 numeremus
631 927 667 991 in
689 927 845 1013 singulas,
869 930 993 1011 quanta
1014 925 1081 991 iam
1104 947 1198 1010 repe·

178 1020 284 1084 riatur
315 1017 461 1082 virorum
493 1015 721 1080 excellentium
753 1015 944 1080 multitudo!
981 1013 1104 1090 Quodsi
1136 1017 1198 1079 aut
1271 1018 1272 1100 l

178 1107 295 1172 Italiae
326 1104 459 1169 Latium
496 1107 553 1168 aut
585 1103 727 1168 eiusdem
760 1101 917 1168 Sabinam
948 1106 1006 1168 aut
1036 1101 1197 1168 Volscam
1211 1122 1235 1160 io

179 1199 324 1282 gentem,
351 1193 381 1258 si
403 1189 586 1275 Samnium,
614 1192 643 1255 si
664 1191 847 1275 Etruriam,
870 1192 899 1256 si
921 1212 1078 1277 magnam
1100 1191 1197 1256 illam

179 1282 350 1349 Graeciam
372 1281 574 1346 conlustrare
594 1279 702 1345 animo
720 1281 930 1365 voluerimus,
953 1279 983 1343 si
1001 1279 1115 1345 deinde
1134 1279 1197 1344 Aa·

179 1372 294 1456 syrios,
315 1370 345 1436 si
366 1368 493 1454 Persas,
516 1369 545 1434 si
566 1367 703 1452 Poenos,
727 1369 755 1433 si
778 1369 890 1435 haec..
932 1417 940 1433 .

384 1510 626 1592 [Desiderandus
642 1510 781 1593 popinae
802 1512 983 1592 duodecim]

140 1607 205 1732 {p
221 1637 269 1717 21]
344 1633 500 1700 ...cati
545 1632 591 1696 Et
617 1631 746 1697 Philus:
777 1631 985 1699 Praeclaram
1014 1655 1093 1698 vero
1121 1656 1197 1700 cau·

178 1748 249 1790 sam
272 1723 314 1789 ad
335 1745 388 1788 me
406 1721 549 1806 defertis,
572 1743 646 1786 eum
663 1742 716 1786 me
734 1721 957 1806 improbitatis
975 1721 1197 1806 patrocinium
1211 1740 1235 1779 1⁵

178 1813 341 1897 suscipere
364 1810 473 1876 voltis.
510 1808 614 1894 Atqui
635 1809 669 1874 id
692 1809 768 1894 tibi,
790 1811 897 1894 inquit
919 1810 1060 1894 Laelius,
1081 1832 1197 1876 veren-

178 1903 255 1967 dum
278 1903 341 1985 est,
364 1899 393 1964 si
416 1921 455 1964 ea
478 1898 606 1981 dixeris,
630 1920 711 1981 quae
735 1901 849 1964 contra
871 1898 1033 1963 iustitiam
1057 1898 1119 1963 dici
1144 1921 1197 1964 so·

178 1993 262 2072 lent,
291 2010 333 2054 ne
366 1988 413 2053 sie
441 1986 541 2051 etiam
569 1986 689 2051 sentire
716 1986 859 2071 videare,
887 2008 960 2052 eum
988 1991 1021 2052 et
1047 1987 1118 2071 ipse
1146 1988 1195 2053 sis

178 2078 273 2164 quasi
298 2075 430 2142 unicum
458 2075 642 2159 exemplum
670 2075 823 2159 antiquae
851 2075 1028 2160 probitatis
1056 2081 1090 2139 et
1115 2076 1197 2141 fidei

176 2188 281 2252 neque
309 2165 353 2230 sit
379 2165 496 2250 ignota
523 2162 721 2229 consuetudo
744 2168 802 2228 tua
825 2164 1006 2229 contrarias
1028 2163 1065 2228 in
1085 2165 1194 2248 partis
1209 2182 1233 2222 2⁰

178 2253 369 2336 disserendi,
401 2251 487 2337 quod
513 2251 562 2315 ita
588 2250 753 2316 facillume
780 2273 894 2318 verum
920 2251 1059 2317 inveniri
1086 2257 1195 2336 putes.

177 2374 206 2427 p.
224 2345 273 2425 22]
301 2342 346 2406 Et
368 2340 497 2404 Philus:
526 2338 612 2404 Heia
638 2361 729 2424 vero,
758 2340 879 2424 inquit,
909 2325 1021 2427 geram
1042 2339 1047 2423 l
1067 2363 1195 2406 morem

177 2432 272 2499 vobis
291 2434 324 2496 et
342 2451 394 2495 me
413 2427 558 2494 oblinam
577 2427 695 2511 scieus;
718 2429 804 2512 quod
823 2429 985 2513 quoniam,
1005 2429 1061 2513 qui
1076 2451 1195 2495 aurum

179 2522 347 2606 quaerunt,
369 2539 436 2582 non
453 2520 572 2601 putant
590 2516 654 2580 sibi
672 2517 894 2601 recusandum,
916 2539 986 2601 nos,
1009 2539 1083 2582 cum
1100 2517 1195 2582 iusti-

177 2611 260 2674 tiam
283 2626 486 2692 quaeramus,
508 2626 578 2668 rem
602 2605 705 2669 multo
725 2605 815 2670 omni
833 2627 912 2670 auro
931 2605 1098 2689 cariorem,
1121 2608 1194 2671 nul·
1209 2624 1235 2664 2⁵

178 2699 246 2763 lam
273 2694 420 2781 profecto
448 2693 634 2758 molestiam
660 2692 774 2778 fugere
798 2693 960 2758 debemus.
997 2693 1107 2778 Atque
1130 2696 1195 2759 uti-

176 2808 268 2868 nam,
298 2805 395 2867 quem
425 2781 467 2846 ad
492 2780 625 2845 modum
653 2782 800 2846 oratione
829 2804 901 2846 sum
927 2803 1045 2846 usurus
1075 2783 1194 2867 aliena,

179 2875 225 2939 sic
248 2871 329 2936 mihi
352 2891 408 2935 ore
430 2869 481 2934 uti
503 2868 614 2933 ficeret
638 2869 757 2935 alieno!
790 2869 885 2935 Nunc
907 2892 945 2934 ea
963 2870 1097 2935 dicenda
1116 2876 1194 2937 sunt

178 2961 214 3026 L.
243 2960 342 3025 Furio
372 2957 482 3041 Philo,
515 2979 598 3041 quae
628 2955 824 3042 Carneades,
857 2957 999 3024 Graecus
1030 2959 1129 3024 homo
1159 2965 1194 3026 et

179 3052 361 3129 consuetus,
384 3045 470 3130 quod
493 3045 699 3110 commodum
721 3050 815 3129 esset,
838 3047 961 3111 verbis.
976 3096 983 3111 .
998 3095 1028 3111 ..
1208 3065 1235 3105 so

335 3186 532 3268 [Desiderari
553 3187 694 3252 viderim
710 3188 848 3269 popinae
870 3189 1037 3269 quattuor]

144 3324 162 3373 s
247 3311 296 3376 M.
317 3311 440 3374 Tullius
463 3311 500 3374 de
521 3310 657 3391 republ.
681 3309 730 3374 oo.
744 3309 803 3372 H:
826 3313 864 3373 ut
883 3308 1042 3374 Carneadi
1060 3333 1194 3397 respon-

180 3398 294 3480 deatis,
318 3397 373 3480 qui
396 3419 494 3481 saepe
517 3397 658 3481 optimas
681 3417 795 3460 causas
818 3397 941 3483 ingenii
965 3399 1128 3464 calumnia
1145 3402 1194 3466 lu-

180 3485 305 3550 dificari
327 3485 420 3548 solet.
456 3484 598 3565 (Nouius
613 3506 648 3566 p.
670 3488 743 3549 263.
766 3485 832 3562 14.)
