2528 3880
220 143 287 208 2Ἰο
517 143 568 198 Du
585 143 680 198 FATO
705 142 940 200 FRAGMENTL

213 309 294 371 pam
315 309 432 370 qaoque
447 287 665 370 philosopham
686 308 749 352 roa
771 289 924 370 expedisse
944 309 977 354 se
997 289 1034 353 in
1055 309 1093 354 ea
1114 290 1159 353 ait
1176 288 1217 353 bis

218 377 333 442 verbis:
352 375 555 461 Chrysippus
570 380 721 442 aestuans
736 376 964 461 laboransque,
983 399 1125 461 quonam
1136 382 1217 459 pacta

219 465 357 548 explicet
380 469 413 530 et
435 464 505 530 fato
529 465 639 530 omnia
660 463 745 548 fieri,
772 467 807 529 et
829 486 900 530 esse
923 465 1048 548 aliquid
1070 465 1105 530 in
1125 465 1217 548 nobis,

218 553 392 620 intricetur
414 553 476 618 hoc
498 554 604 618 modo.

286 643 317 706 2.
338 641 465 708 Seruius
486 643 530 708 ad
556 641 667 724 Verpil.
689 640 768 705 Aea.
790 640 860 706 III
876 646 942 706 376
963 641 1115 722 volvitque
1133 639 1216 725 mam]

218 731 355 812 definitio
382 731 446 811 fati
473 731 640 796 secandam
669 729 821 806 Tulliam,
855 730 910 812 pai
935 731 998 792 aii:
1033 727 1151 796 Fatum
1176 732 1217 794 est

219 818 352 883 conexio
384 840 493 884 rerum
525 839 584 902 per
611 816 841 882 aeternitatem
872 838 907 882 se
936 816 1077 884 invicem
1106 822 1217 899 tenens,

219 928 302 991 quae
325 927 385 972 suo
408 906 519 971 ordine
542 909 576 970 et
597 906 669 990 lege
691 905 853 990 variatur,
879 906 928 972 ita
949 908 1078 990 tamen,
1097 910 1136 972 ut
1156 907 1217 992 ipss

219 995 361 1060 varietas
384 994 506 1059 hebeat
527 994 764 1060 aeternitatem.
1011 1065 1013 1071 y

286 1083 316 1149 3.
338 1083 504 1165 Aspare.
526 1083 563 1148 de
584 1083 639 1148 cia.
660 1083 711 1146 dei
734 1081 800 1148 V&
820 1079 881 1148 Illi
901 1102 1020 1164 mmmm
1040 1103 1144 1149 uermes
1160 1081 1243 1198 Hori

218 1172 325 1237 merim
350 1171 422 1236 baie
442 1171 607 1238 sententiaa
627 1169 859 1254 suffrapamiur,
884 1191 960 1252 qaas
983 1169 1087 1237 Oieero
1108 1172 1144 1237 ia
1163 1171 1216 1236 aa·
1242 1199 1243 1216 ¹

220 1263 320 1326 timum
342 1260 448 1324 vertit:

263 1347 377 1414 Tales
397 1350 487 1413 sunt
504 1345 698 1412 hominum
717 1349 878 1430 mentes,
896 1345 1005 1431 quali
1021 1347 1216 1432 pater-ipse

263 1435 441 1521 Iuppiter
463 1434 679 1500 auctiferas
701 1434 889 1499 lustravit
912 1435 1058 1500 lumine
1081 1439 1205 1502 terras.
1244 1413 1245 1508 l

218 1524 308 1609 (Vm.
330 1544 407 1605 seqq.
431 1528 459 1588 et
481 1528 577 1588 tetam
598 1543 664 1605 cap.
686 1529 707 1586 9
730 1524 863 1588 eiusdem
886 1523 984 1605 libri.)
1226 1537 1241 1576 1⁵

285 1612 317 1679 a
343 1613 425 1694 Am.
452 1613 489 1676 de
513 1613 568 1676 aab.
595 1612 644 1676 dei
672 1611 743 1676 Ve
766 1610 869 1676 Cicero
896 1613 972 1676 dicii
998 1611 1215 1694 Hippocraten,
1245 1582 1246 1654 l

219 1701 444 1767 notatissimum
466 1700 624 1782 medicam
646 1700 794 1781 saraptam
815 1699 975 1780 reliquisse
997 1702 1145 1782 quosdam
1159 1700 1215 1779 sra-

219 1795 294 1866 ires‚
322 1809 392 1854 mem
420 1788 514 1854 marai
543 1792 701 1870 aeprotare
729 1788 895 1868 coepissent
921 1793 1081 1854 eteorum
1109 1789 1216 1854 mortes
1246 1748 1247 1810 l

219 1879 320 1944 eodem
352 1881 483 1960 tempore
512 1876 744 1958 improcesaeret,
775 1876 876 1940 eodem
904 1876 1067 1960 levaretur,
1096 1878 1216 1958 pemiros
1247 1913 1248 1946 v

218 1967 417 2048 suspicatum.
450 1963 532 2044 Quas
549 1963 735 2030 Posidonius
752 1962 874 2028 Sioimrs
895 1965 1030 2028 maltam
1050 1965 1243 2047 astrolopiaeu

219 2055 338 2120 deditas
373 2054 478 2118 eadem
512 2053 724 2118 constitutione
754 2057 911 2116 astrorum
945 2057 1036 2118 maios
1071 2055 1216 2133 mdemqre

220 2145 373 2224 conceptos
399 2142 513 2206 solebat
538 2159 679 2206 asserere.
723 2140 790 2218 Im,
817 2141 899 2222 quod
923 2142 1058 2206 medicas
1077 2143 1217 2224 periinere

220 2231 357 2298 credebat
381 2231 426 2296 ad
450 2229 645 2296 simillimam
668 2230 840 2310 temperiem
862 2229 1063 2308 valetudinis,
1087 2229 1143 2294 boe
1157 2228 1213 2312 pti

221 2319 362 2402 losopbas
392 2318 563 2400 astrolopas
593 2318 637 2382 cd
665 2318 730 2382 cim
760 2318 1062 2399 caesariamque
1087 2319 1215 2398 meierum!

219 2428 298 2492 auae
318 2406 431 2488 faarai,
453 2427 512 2488 pao
535 2411 665 2486 tempore
687 2406 818 2488 coempti
838 2406 965 2488 calmae
985 2411 1067 2471 aaut.
1226 2417 1243 2458 r

287 2495 318 2562 5.
350 2495 531 2560 Macrobius
553 2493 714 2558 Sabrmal.
736 2493 804 2558 III
821 2498 871 2558 16.
892 2499 915 2560 3
936 2513 980 2576 sq.
1007 2494 1054 2560 Et
1077 2515 1117 2561 ne
1140 2494 1217 2560 citior

219 2585 261 2650 sit
283 2585 367 2649 testis
383 2587 485 2665 poiia,
505 2584 631 2664 acupile
648 2583 801 2648 adsertore
818 2580 968 2659 Cicerone,
990 2583 1027 2647 ia
1043 2603 1104 2664 prro
1120 2583 1218 2648 boaore

217 2674 315 2754 fuerit
334 2671 385 2736 bic
400 2672 498 2753 piscis
519 2671 606 2752 apud
625 2669 663 2736 P.
686 2669 861 2751 Scipionem
877 2671 1070 2750 Africanam
1091 2673 1178 2736 illam
1196 2673 1219 2733 et

219 2761 459 2826 Namamiiamm.
495 2758 584 2824 Haec
605 2763 679 2824 saar
699 2759 735 2822 ia
757 2759 877 2840 dmiopo
900 2760 936 2823 de
955 2759 1025 2839 sato
1042 2761 1133 2825 verba
1149 2757 1217 2825 em

218 2851 322 2915 roais:
350 2846 438 2911 Nam
465 2868 540 2911 oum
563 2849 650 2911 esset
673 2846 759 2931 apud
782 2867 816 2910 se
840 2847 881 2910 ad
903 2845 1100 2913 Lavernium
1123 2845 1243 2932 Scipio³ss

218 2957 347 3022 unaque
369 2934 521 3019 Pontius,
545 2935 674 2998 adlatus
699 2938 749 2998 est
771 2933 857 2998 forte
880 2931 1024 3019 Scipioni
1047 2955 1217 3021 acupenser,

219 3026 275 3110 qui
303 3023 477 3089 admodum
500 3045 575 3087 raro
599 3022 739 3108 capitur,
767 3021 824 3086 sed
847 3027 897 3088 est
919 3023 1033 3108 piscis,
1056 3027 1094 3088 ut
1114 3023 1218 3102 ferunt,

218 3115 254 3178 in
271 3112 386 3197 primis
405 3110 534 3176 nobilis.
567 3109 650 3176 Oum
674 3115 783 3175 autem
797 3109 905 3195 Scipio
925 3134 1026 3175 unum
1046 3116 1079 3176 et
1093 3113 1217 3177 alterum

219 3224 258 3266 ex
276 3201 326 3284 iis,
346 3201 401 3284 qui
419 3221 494 3264 eum
513 3199 693 3263 salutatum
706 3203 872 3283 venerant,
890 3199 1097 3265 invitavisset
1110 3202 1218 3286 plures·

219 3311 281 3374 que
314 3289 413 3353 etiam
444 3287 643 3352 invitaturus
671 3285 849 3371 videretur,
879 3287 916 3354 in
942 3310 1055 3354 aurem
1082 3288 1245 3354 Pontiusu

220 3374 392 3461 ‘Scipio'‚
410 3375 531 3459 inquit,
551 3374 666 3458 ‘vide‚
686 3375 776 3456 quid
794 3397 903 3462 agas3
926 3398 1137 3465 acupenser
1153 3377 1218 3440 iste

217 3484 429 3550 paucorum
451 3463 648 3528 hominum
672 3461 751 3526 est?
