2630 3890
197 160 263 225 194
548 157 597 213 ΒΕ
615 156 856 214 DIVINATIONE

143 317 193 366 rel
205 304 308 369 lubre.
344 302 551 368 Democritus
574 305 684 367 autem
706 305 816 367 censet
838 300 1002 386 sapienter
1024 301 1210 366 instituisse

195 396 331 476 veteres,
348 395 386 456 nt
402 391 584 456 hostiarum
601 389 846 456 immolatarum
863 390 1099 476 inspicerentur
1117 393 1209 474 exta3

197 502 335 565 qnorum
362 501 401 544 ex
427 478 543 543 habitu
570 481 669 563 atque
697 500 736 543 ex
763 479 870 545 colore
897 481 968 544 tum
991 478 1208 560 salubritatis,

196 573 268 634 turn
294 566 500 653 pestilentiae
527 567 623 653 signa
644 566 780 652 percipi,
806 588 1074 652 nonnumquam
1097 566 1207 650 etiam,

198 679 281 742 quae
308 655 352 721 sit
378 655 430 721 vel
458 655 615 720 sterilitas
643 676 796 742 agrorum
823 656 876 721 vel
901 654 1057 720 fertilitas
1085 654 1207 719 futura.
1237 675 1251 715 5
1302 683 1306 738 ,2

198 743 287 821 Quae
310 743 339 808 si
357 746 511 810 enatura
528 743 675 829 profecta
694 743 878 810 observatio
898 747 996 828 atque
1013 764 1091 808 usus
1108 764 1208 829 agno-

197 833 259 916 vit,
286 832 390 896 multa
417 831 543 897 adferre
569 832 678 918 potuit
706 832 787 916 dies,
815 853 897 916 quae
921 831 1207 897 animadvertendo

197 923 399 1005 notarentur,
421 923 459 984 ut
476 919 533 985 ille
552 919 763 1004 Pacuvianus,
784 920 892 1004 quiin
910 917 1034 1004 Chryse
1052 919 1209 1005 physicus

198 1007 374 1092 inducitur,
400 1007 533 1073 minime
559 1012 711 1074 naturam
736 1031 844 1073 rerum
868 1029 1024 1094 cognosse
1046 1008 1208 1073 videatur:

249 1136 400 1180 ...nam
426 1115 497 1179 isti
525 1112 593 1199 qui
613 1114 788 1200 linguam
813 1114 940 1179 arium
962 1113 1209 1199 intellegunt
1224 1134 1252 1172 ιο

242 1201 410 1287 Plusque
425 1205 469 1268 ex
483 1201 614 1268 alieno
628 1203 756 1268 ie'core
771 1202 929 1287 sapiunt
944 1223 1055 1287 quam
1069 1203 1113 1266 cx
1127 1223 1209 1286 suo,

123 1329 130 1342 ·
242 1289 366 1378 Magis
382 1291 613 1356 audiendum
628 1313 738 1375 quam
753 1291 1050 1356 auscultandum
1062 1293 1210 1356 censeo.

199 1395 287 1463 Gur?
310 1418 439 1481 quaese,
462 1418 535 1462 cum
557 1396 628 1480 ipse
645 1396 756 1482 paucis
775 1395 978 1481 interpositis
997 1396 1145 1461 versibus
1165 1397 1210 1461 di·

198 1506 254 1550 cas
278 1484 360 1549 satis
383 1485 560 1551 luculente:

246 1588 440 1676 Quidquid
454 1594 514 1656 est
527 1591 613 1675 hoc,
631 1589 758 1656 omnia
772 1590 932 1673 animat,
949 1589 1106 1673 format,
1121 1589 1210 1674 alit,
1226 1611 1253 1650 re

848 1680 978 1764 auge't,
1001 1681 1120 1761 creat,

246 1763 397 1852 sepelit
428 1767 648 1852 recipitque
680 1764 720 1830 in
752 1787 841 1868 sese,
868 1766 996 1876 omnia
1027 1767 1212 1831 omnium-

245 1927 499 2028 lndidemque
518 1943 649 2008 eadem
667 1853 981 2028 aeqiiiiidiliii
995 1859 1211 2029 ddiiilrgro

640 2034 755 2115 atque
779 2031 910 2096 eodem
933 2031 1121 2097 decidunt

202 2134 287 2212 Quid
310 2139 360 2201 est
382 2136 494 2222 igitur,
518 2158 583 2220 cur,
606 2158 678 2201 curn
702 2135 816 2201 domus
839 2135 883 2200 sit
902 2137 1047 2202 omnium
1063 2159 1137 2221 una,
1160 2160 1211 2203 ea-

204 2247 266 2310 que
284 2223 471 2308 communis,
491 2245 626 2309 cumque
645 2224 745 2288 animi
762 2223 930 2288 hominum
950 2246 1076 2310 semper
1088 2224 1212 2290 fuerint

202 2313 368 2398 futurique
391 2312 466 2397 sint,
489 2335 545 2377 cur
567 2313 601 2397 ii,
624 2312 757 2397 quidex
776 2333 903 2397 quoque
922 2313 1058 2397 eveniat,
1081 2317 1114 2378 et
1133 2314 1211 2398 quid
1225 2337 1253 2376 ao

5 2409 7 2501 l
204 2423 365 2487 quamque
383 2423 453 2466 rem
472 2400 641 2487 significet,
663 2401 844 2486 perspicere
862 2402 1095 2486 nonpossint?
1121 2400 1212 2468 Haec

203 2489 314 2574 habui,
336 2489 453 2574 inquit,
477 2489 516 2554 de
538 2489 736 2554 divinatione
759 2510 842 2573 quae
865 2489 1011 2554 dicerem.

270 2576 366 2644 Nunc
391 2578 450 2642 illa
473 2578 633 2661 testabor,
660 2599 726 2641 non
748 2599 800 2642 me
822 2577 997 2664 sortilegos
1019 2599 1123 2663 neque
1146 2600 1211 2663 eos,

205 2667 262 2752 qui
285 2669 438 2752 quaestus
461 2687 557 2732 causa
579 2665 790 2749 hariolentur,
812 2687 853 2729 ne
875 2667 1124 2751 psychomantia
1142 2669 1211 2753 qui·

205 2756 288 2840 dom,
311 2755 428 2840 quibus
451 2753 591 2840 Appius,
620 2753 740 2818 amicus
763 2756 848 2837 tuus,
870 2754 921 2818 uti
943 2754 1084 2840 solebat,
1112 2777 1210 2842 agno-
1224 2776 1251 2817 sa

205 2865 308 2928 scere3
329 2865 395 2909 non
412 2842 518 2908 habeo
537 2841 672 2926 denique
690 2841 785 2907 nauci
798 2841 943 2906 Marsum
962 2864 1128 2930 augurem,
1145 2866 1211 2910 non

205 2931 337 2998 vicanos
359 2930 556 3016 haruspices,
577 2952 644 2995 non
667 2930 705 2995 de
729 2929 812 2995 circo
833 2931 1027 3018 astrologos,
1049 2954 1115 2998 non
1132 2931 1211 2997 Isia-

205 3041 260 3085 cos
283 3019 489 3103 conieotores,
511 3040 577 3085 non
595 3018 788 3103 interpretes
807 3018 1020 3104 somniorum3
1040 3021 1211 3086 nonenim

204 3110 283 3172 sunt
304 3107 330 3172 ii
351 3111 408 3172 aut
431 3107 566 3172 scientia
590 3110 647 3172 aut
669 3109 739 3171 arte
763 3106 872 3191 divini,

250 3208 323 3278 Sed
359 3210 631 3296 superstitiosi
666 3215 777 3276 vates
809 3209 1121 3316 inpudentesque
1149 3214 1252 3279 hri-ro

249 3385 329 3450 Aut
357 3385 505 3454 inertes
537 3391 603 3454 adt
632 3387 762 3453 insani
791 3391 857 3452 aut
887 3303 1211 3476 quincei-leodiciae

941 3475 1122 3560 imperat,

152 2635 203 2684 132
