<?xml version="1.0" encoding="UTF-8"?>
<!DOCTYPE html PUBLIC "-//W3C//DTD XHTML 1.0 Transitional//EN"
    "http://www.w3.org/TR/xhtml1/DTD/xhtml1-transitional.dtd">
<html xmlns="http://www.w3.org/1999/xhtml" xml:lang="en" lang="en">
 <head>
  <title>
</title>
<meta http-equiv="Content-Type" content="text/html;charset=utf-8" />
  <meta name='ocr-system' content='tesseract 3.04.00' />
  <meta name='ocr-capabilities' content='ocr_page ocr_carea ocr_par ocr_line ocrx_word'/>
</head>
<body>
  <div class='ocr_page' id='page_1' title='image "./scriptaquaemans02mullgoog_0387.png"; bbox 0 0 2528 3880; ppageno 0'>
   <div class='ocr_carea' id='block_1_1' title="bbox 187 175 836 242">
    <p class='ocr_par' dir='ltr' id='par_1_1' title="bbox 187 104 1249 242">
     <span class='ocr_line' id='line_1_1' title="bbox 187 175 836 242; baseline -0.002 -11"><span class='ocrx_word' id='word_1_1' title='bbox 187 177 253 242; x_wconf 86' lang='lat'>330</span> <span class='ocrx_word' id='word_1_2' title='bbox 544 175 594 230; x_wconf 82' lang='lat' dir='ltr'>DE</span> <span class='ocrx_word' id='word_1_3' title='bbox 612 175 661 230; x_wconf 78' lang='lat' dir='ltr'>Ru</span> <span class='ocrx_word' id='word_1_4' title='bbox 679 175 836 230; x_wconf 79' lang='lat' dir='ltr'>PUBDICA</span> 
     </span>
    </p>
   </div>
   <div class='ocr_carea' id='block_1_2' title="bbox 74 300 1251 3476">
    <p class='ocr_par' dir='ltr' id='par_1_2' title="bbox 132 300 1251 1290">
     <span class='ocr_line' id='line_1_2' title="bbox 132 300 1196 427; baseline -0.002 -42"><span class='ocrx_word' id='word_1_5' title='bbox 132 300 177 427; x_wconf 58' lang='lat' dir='ltr'>dd</span> <span class='ocrx_word' id='word_1_6' title='bbox 185 350 214 401; x_wconf 88' lang='lat' dir='ltr'>p.</span> <span class='ocrx_word' id='word_1_7' title='bbox 233 322 282 402; x_wconf 72' lang='lat'>25]</span> <span class='ocrx_word' id='word_1_8' title='bbox 357 321 508 390; x_wconf 88' lang='lat' dir='ltr'>....dici</span> <span class='ocrx_word' id='word_1_9' title='bbox 539 321 654 407; x_wconf 77' lang='lat' dir='ltr'><strong>possit.</strong></span> <span class='ocrx_word' id='word_1_10' title='bbox 699 319 783 385; x_wconf 81' lang='lat' dir='ltr'>Tum</span> <span class='ocrx_word' id='word_1_11' title='bbox 812 319 957 385; x_wconf 81' lang='lat' dir='ltr'>Laelius:</span> <span class='ocrx_word' id='word_1_12' title='bbox 988 318 1093 384; x_wconf 83' lang='lat' dir='ltr'>Video</span> <span class='ocrx_word' id='word_1_13' title='bbox 1122 319 1196 401; x_wconf 86' lang='lat' dir='ltr'>ism,</span> 
     </span>
     <span class='ocr_line' id='line_1_3' title="bbox 186 406 1196 495; baseline -0.003 -22"><span class='ocrx_word' id='word_1_14' title='bbox 186 409 295 494; x_wconf 93' lang='lat' dir='ltr'>illum,</span> <span class='ocrx_word' id='word_1_15' title='bbox 322 431 419 494; x_wconf 88' lang='lat' dir='ltr'>quem</span> <span class='ocrx_word' id='word_1_16' title='bbox 442 410 668 495; x_wconf 77' lang='lat' dir='ltr'><strong>expectabam,</strong></span> <span class='ocrx_word' id='word_1_17' title='bbox 695 409 802 474; x_wconf 88' lang='lat' dir='ltr'>virum</span> <span class='ocrx_word' id='word_1_18' title='bbox 825 408 876 474; x_wconf 87' lang='lat' dir='ltr'>cui</span> <span class='ocrx_word' id='word_1_19' title='bbox 897 408 1069 494; x_wconf 81' lang='lat' dir='ltr'>praeficies</span> <span class='ocrx_word' id='word_1_20' title='bbox 1092 406 1196 472; x_wconf 91' lang='lat' dir='ltr'>officio</span> 
     </span>
     <span class='ocr_line' id='line_1_4' title="bbox 187 470 1250 583; baseline -0.003 -21"><span class='ocrx_word' id='word_1_21' title='bbox 187 501 220 562; x_wconf 90' lang='lat' dir='ltr'>et</span> <span class='ocrx_word' id='word_1_22' title='bbox 243 498 378 562; x_wconf 89' lang='lat' dir='ltr'>muneri.</span> <span class='ocrx_word' id='word_1_23' title='bbox 419 497 505 564; x_wconf 89' lang='lat' dir='ltr'>Huic</span> <span class='ocrx_word' id='word_1_24' title='bbox 528 497 666 582; x_wconf 89' lang='lat' dir='ltr'>scilicet,</span> <span class='ocrx_word' id='word_1_25' title='bbox 688 497 878 582; x_wconf 79' lang='lat' dir='ltr'>Africanus,</span> <span class='ocrx_word' id='word_1_26' title='bbox 903 496 961 560; x_wconf 92' lang='lat' dir='ltr'>uni</span> <span class='ocrx_word' id='word_1_27' title='bbox 982 517 1086 583; x_wconf 81' lang='lat' dir='ltr'>paene</span> <span class='ocrx_word' id='word_1_28' title='bbox 1108 493 1197 580; x_wconf 81' lang='lat' dir='ltr'>(nam</span> <span class='ocrx_word' id='word_1_29' title='bbox 1249 470 1250 540; x_wconf 68' lang='lat' dir='ltr'>l</span> 
     </span>
     <span class='ocr_line' id='line_1_5' title="bbox 186 583 1196 672; baseline -0.005 -21"><span class='ocrx_word' id='word_1_30' title='bbox 186 586 222 651; x_wconf 88' lang='lat' dir='ltr'>iu</span> <span class='ocrx_word' id='word_1_31' title='bbox 242 586 306 652; x_wconf 92' lang='lat' dir='ltr'>hoc</span> <span class='ocrx_word' id='word_1_32' title='bbox 327 586 396 651; x_wconf 85' lang='lat' dir='ltr'>fere</span> <span class='ocrx_word' id='word_1_33' title='bbox 415 609 479 651; x_wconf 87' lang='lat' dir='ltr'>uno</span> <span class='ocrx_word' id='word_1_34' title='bbox 503 590 580 650; x_wconf 91' lang='lat' dir='ltr'>sunt</span> <span class='ocrx_word' id='word_1_35' title='bbox 602 583 738 672; x_wconf 79' lang='lat' dir='ltr'>cetera),</span> <span class='ocrx_word' id='word_1_36' title='bbox 766 589 803 650; x_wconf 89' lang='lat' dir='ltr'>ut</span> <span class='ocrx_word' id='word_1_37' title='bbox 825 606 1003 669; x_wconf 79' lang='lat' dir='ltr'><strong>numquam</strong></span> <span class='ocrx_word' id='word_1_38' title='bbox 1027 607 1048 648; x_wconf 83' lang='lat' dir='ltr'>a</span> <span class='ocrx_word' id='word_1_39' title='bbox 1071 604 1105 648; x_wconf 88' lang='lat' dir='ltr'>se</span> <span class='ocrx_word' id='word_1_40' title='bbox 1124 584 1196 668; x_wconf 88' lang='lat' dir='ltr'>ipso</span> 
     </span>
     <span class='ocr_line' id='line_1_6' title="bbox 186 671 1233 759; baseline -0.008 -21"><span class='ocrx_word' id='word_1_41' title='bbox 186 674 344 740; x_wconf 89' lang='lat' dir='ltr'>intuendo</span> <span class='ocrx_word' id='word_1_42' title='bbox 375 674 690 759; x_wconf 72' lang='lat' dir='ltr'>contemplandoque</span> <span class='ocrx_word' id='word_1_43' title='bbox 719 673 877 757; x_wconf 83' lang='lat' dir='ltr'>discedot,</span> <span class='ocrx_word' id='word_1_44' title='bbox 909 676 947 736; x_wconf 88' lang='lat' dir='ltr'>ut</span> <span class='ocrx_word' id='word_1_45' title='bbox 975 672 1017 736; x_wconf 84' lang='lat' dir='ltr'>ad</span> <span class='ocrx_word' id='word_1_46' title='bbox 1034 671 1197 752; x_wconf 80' lang='lat' dir='ltr'>imitatio·</span> <span class='ocrx_word' id='word_1_47' title='bbox 1221 689 1233 728; x_wconf 76' lang='lat' dir='ltr'>s</span> 
     </span>
     <span class='ocr_line' id='line_1_7' title="bbox 187 759 1198 846; baseline -0.004 -19"><span class='ocrx_word' id='word_1_48' title='bbox 187 785 263 827; x_wconf 91' lang='lat' dir='ltr'>nem</span> <span class='ocrx_word' id='word_1_49' title='bbox 286 763 337 828; x_wconf 86' lang='lat' dir='ltr'>sui</span> <span class='ocrx_word' id='word_1_50' title='bbox 359 767 454 829; x_wconf 88' lang='lat' dir='ltr'>vocet</span> <span class='ocrx_word' id='word_1_51' title='bbox 477 763 570 846; x_wconf 81' lang='lat' dir='ltr'>elios,</span> <span class='ocrx_word' id='word_1_52' title='bbox 591 767 630 827; x_wconf 90' lang='lat' dir='ltr'>ut</span> <span class='ocrx_word' id='word_1_53' title='bbox 652 784 723 826; x_wconf 88' lang='lat' dir='ltr'>sese</span> <span class='ocrx_word' id='word_1_54' title='bbox 747 761 918 846; x_wconf 84' lang='lat' dir='ltr'>splendore</span> <span class='ocrx_word' id='word_1_55' title='bbox 941 759 1043 825; x_wconf 84' lang='lat' dir='ltr'>animi</span> <span class='ocrx_word' id='word_1_56' title='bbox 1063 764 1096 824; x_wconf 92' lang='lat' dir='ltr'>et</span> <span class='ocrx_word' id='word_1_57' title='bbox 1112 759 1198 824; x_wconf 83' lang='lat' dir='ltr'>vitae</span> 
     </span>
     <span class='ocr_line' id='line_1_8' title="bbox 187 847 1251 936; baseline -0.005 -20"><span class='ocrx_word' id='word_1_58' title='bbox 187 873 265 916; x_wconf 87' lang='lat' dir='ltr'>suae</span> <span class='ocrx_word' id='word_1_59' title='bbox 298 852 382 916; x_wconf 86' lang='lat' dir='ltr'>sicut</span> <span class='ocrx_word' id='word_1_60' title='bbox 414 852 581 936; x_wconf 89' lang='lat' dir='ltr'>speculum</span> <span class='ocrx_word' id='word_1_61' title='bbox 612 850 768 936; x_wconf 85' lang='lat' dir='ltr'>praebeat</span> <span class='ocrx_word' id='word_1_62' title='bbox 800 848 933 914; x_wconf 90' lang='lat' dir='ltr'>civibus.</span> <span class='ocrx_word' id='word_1_63' title='bbox 978 847 1026 913; x_wconf 89' lang='lat' dir='ltr'>Ut</span> <span class='ocrx_word' id='word_1_64' title='bbox 1055 847 1140 913; x_wconf 88' lang='lat' dir='ltr'>enim</span> <span class='ocrx_word' id='word_1_65' title='bbox 1165 847 1199 911; x_wconf 93' lang='lat' dir='ltr'>in</span> <span class='ocrx_word' id='word_1_66' title='bbox 1250 869 1251 872; x_wconf 45' lang='lat'>¹</span> 
     </span>
     <span class='ocr_line' id='line_1_9' title="bbox 187 937 1199 1022; baseline -0.003 -19"><span class='ocrx_word' id='word_1_67' title='bbox 187 968 215 1020; x_wconf 87' lang='lat' dir='ltr'>p.</span> <span class='ocrx_word' id='word_1_68' title='bbox 234 942 283 1021; x_wconf 74' lang='lat' dir='ltr'>so]</span> <span class='ocrx_word' id='word_1_69' title='bbox 309 940 429 1004; x_wconf 89' lang='lat' dir='ltr'>fidibus</span> <span class='ocrx_word' id='word_1_70' title='bbox 457 943 515 1004; x_wconf 84' lang='lat' dir='ltr'>eut</span> <span class='ocrx_word' id='word_1_71' title='bbox 540 939 545 1022; x_wconf 90' lang='grc' dir='ltr'>Ι</span> <span class='ocrx_word' id='word_1_72' title='bbox 569 939 661 1003; x_wconf 88' lang='lat' dir='ltr'>tibiis</span> <span class='ocrx_word' id='word_1_73' title='bbox 689 942 787 1022; x_wconf 83' lang='lat' dir='ltr'>etque</span> <span class='ocrx_word' id='word_1_74' title='bbox 815 941 852 1002; x_wconf 92' lang='lat' dir='ltr'>ut</span> <span class='ocrx_word' id='word_1_75' title='bbox 878 937 914 1002; x_wconf 91' lang='lat' dir='ltr'>in</span> <span class='ocrx_word' id='word_1_76' title='bbox 940 940 1040 1003; x_wconf 83' lang='lat' dir='ltr'>centu</span> <span class='ocrx_word' id='word_1_77' title='bbox 1062 938 1135 1022; x_wconf 92' lang='lat' dir='ltr'>ipso</span> <span class='ocrx_word' id='word_1_78' title='bbox 1163 957 1199 1000; x_wconf 84' lang='lat' dir='ltr'>sc</span> 
     </span>
     <span class='ocr_line' id='line_1_10' title="bbox 186 1024 1199 1111; baseline -0.005 -18"><span class='ocrx_word' id='word_1_79' title='bbox 186 1028 321 1093; x_wconf 87' lang='lat' dir='ltr'>vocibus</span> <span class='ocrx_word' id='word_1_80' title='bbox 349 1030 524 1093; x_wconf 78' lang='lat' dir='ltr'>concentus</span> <span class='ocrx_word' id='word_1_81' title='bbox 551 1030 602 1092; x_wconf 93' lang='lat' dir='ltr'>est</span> <span class='ocrx_word' id='word_1_82' title='bbox 628 1026 758 1111; x_wconf 82' lang='lat' dir='ltr'>quidam</span> <span class='ocrx_word' id='word_1_83' title='bbox 787 1025 945 1090; x_wconf 89' lang='lat' dir='ltr'>tenendus</span> <span class='ocrx_word' id='word_1_84' title='bbox 972 1046 1013 1089; x_wconf 86' lang='lat' dir='ltr'>ex</span> <span class='ocrx_word' id='word_1_85' title='bbox 1036 1024 1199 1090; x_wconf 88' lang='lat' dir='ltr'>distinctis</span> 
     </span>
     <span class='ocr_line' id='line_1_11' title="bbox 187 1114 1234 1200; baseline -0.003 -20"><span class='ocrx_word' id='word_1_86' title='bbox 187 1116 291 1200; x_wconf 91' lang='lat' dir='ltr'>sonis,</span> <span class='ocrx_word' id='word_1_87' title='bbox 319 1138 415 1200; x_wconf 90' lang='lat' dir='ltr'>quem</span> <span class='ocrx_word' id='word_1_88' title='bbox 441 1116 639 1180; x_wconf 81' lang='lat' dir='ltr'>inmutatum</span> <span class='ocrx_word' id='word_1_89' title='bbox 668 1118 725 1180; x_wconf 85' lang='lat' dir='ltr'>sut</span> <span class='ocrx_word' id='word_1_90' title='bbox 752 1114 990 1199; x_wconf 74' lang='lat' dir='ltr'>discrepantem</span> <span class='ocrx_word' id='word_1_91' title='bbox 1014 1134 1110 1182; x_wconf 82' lang='lat' dir='ltr'>aures</span> <span class='ocrx_word' id='word_1_92' title='bbox 1133 1129 1234 1178; x_wconf 84' lang='lat' dir='ltr'>eru-1⁰</span> 
     </span>
     <span class='ocr_line' id='line_1_12' title="bbox 187 1201 1200 1290; baseline -0.003 -22"><span class='ocrx_word' id='word_1_93' title='bbox 187 1203 275 1268; x_wconf 81' lang='lat' dir='ltr'>ditae</span> <span class='ocrx_word' id='word_1_94' title='bbox 296 1203 380 1268; x_wconf 86' lang='lat' dir='ltr'>ferre</span> <span class='ocrx_word' id='word_1_95' title='bbox 403 1225 470 1269; x_wconf 92' lang='lat' dir='ltr'>non</span> <span class='ocrx_word' id='word_1_96' title='bbox 491 1207 640 1290; x_wconf 89' lang='lat' dir='ltr'>possunt,</span> <span class='ocrx_word' id='word_1_97' title='bbox 662 1205 756 1288; x_wconf 87' lang='lat' dir='ltr'>isque</span> <span class='ocrx_word' id='word_1_98' title='bbox 774 1206 948 1268; x_wconf 83' lang='lat' dir='ltr'>concentus</span> <span class='ocrx_word' id='word_1_99' title='bbox 967 1224 1007 1267; x_wconf 87' lang='lat' dir='ltr'>ex</span> <span class='ocrx_word' id='word_1_100' title='bbox 1025 1201 1200 1266; x_wconf 89' lang='lat' dir='ltr'>dissimilli-</span> 
     </span>
    </p>

    <p class='ocr_par' dir='ltr' id='par_1_3' title="bbox 74 1290 1235 1995">
     <span class='ocr_line' id='line_1_13' title="bbox 74 1290 1201 1358; baseline -0.004 0"><span class='ocrx_word' id='word_1_101' title='bbox 74 1345 83 1358; x_wconf 93' lang='lat'><em>.</em></span> <span class='ocrx_word' id='word_1_102' title='bbox 187 1315 316 1357; x_wconf 82' lang='lat' dir='ltr'>murum</span> <span class='ocrx_word' id='word_1_103' title='bbox 338 1314 455 1358; x_wconf 89' lang='lat' dir='ltr'>vocum</span> <span class='ocrx_word' id='word_1_104' title='bbox 477 1292 700 1357; x_wconf 83' lang='lat' dir='ltr'>moderatione</span> <span class='ocrx_word' id='word_1_105' title='bbox 723 1313 857 1356; x_wconf 85' lang='lat' dir='ltr'>concors</span> <span class='ocrx_word' id='word_1_106' title='bbox 880 1294 988 1355; x_wconf 83' lang='lat' dir='ltr'>tomen</span> <span class='ocrx_word' id='word_1_107' title='bbox 1010 1290 1153 1355; x_wconf 84' lang='lat' dir='ltr'>efficitur</span> <span class='ocrx_word' id='word_1_108' title='bbox 1170 1294 1201 1354; x_wconf 92' lang='lat' dir='ltr'>et</span> 
     </span>
     <span class='ocr_line' id='line_1_14' title="bbox 187 1378 1202 1466; baseline -0.004 -20"><span class='ocrx_word' id='word_1_109' title='bbox 187 1401 383 1466; x_wconf 79' lang='lat' dir='ltr'>congruens,</span> <span class='ocrx_word' id='word_1_110' title='bbox 410 1381 458 1446; x_wconf 88' lang='lat' dir='ltr'>sic</span> <span class='ocrx_word' id='word_1_111' title='bbox 484 1402 523 1445; x_wconf 87' lang='lat' dir='ltr'>ex</span> <span class='ocrx_word' id='word_1_112' title='bbox 551 1381 685 1444; x_wconf 91' lang='lat' dir='ltr'>summis</span> <span class='ocrx_word' id='word_1_113' title='bbox 709 1383 742 1444; x_wconf 92' lang='lat' dir='ltr'>et</span> <span class='ocrx_word' id='word_1_114' title='bbox 764 1379 885 1443; x_wconf 88' lang='lat' dir='ltr'>infimis</span> <span class='ocrx_word' id='word_1_115' title='bbox 908 1383 942 1444; x_wconf 88' lang='lat' dir='ltr'>et</span> <span class='ocrx_word' id='word_1_116' title='bbox 964 1378 1081 1444; x_wconf 91' lang='lat' dir='ltr'>mediis</span> <span class='ocrx_word' id='word_1_117' title='bbox 1104 1379 1202 1444; x_wconf 86' lang='lat' dir='ltr'>inter·</span> 
     </span>
     <span class='ocr_line' id='line_1_15' title="bbox 187 1466 1203 1554; baseline 0 -21"><span class='ocrx_word' id='word_1_118' title='bbox 187 1468 280 1534; x_wconf 89' lang='lat' dir='ltr'>iectis</span> <span class='ocrx_word' id='word_1_119' title='bbox 300 1468 467 1534; x_wconf 89' lang='lat' dir='ltr'>ordinibus</span> <span class='ocrx_word' id='word_1_120' title='bbox 486 1474 524 1532; x_wconf 86' lang='lat' dir='ltr'>ut</span> <span class='ocrx_word' id='word_1_121' title='bbox 542 1468 631 1533; x_wconf 89' lang='lat' dir='ltr'>sonis</span> <span class='ocrx_word' id='word_1_122' title='bbox 650 1468 819 1532; x_wconf 84' lang='lat' dir='ltr'>moderata</span> <span class='ocrx_word' id='word_1_123' title='bbox 836 1467 964 1532; x_wconf 87' lang='lat' dir='ltr'>ratione</span> <span class='ocrx_word' id='word_1_124' title='bbox 983 1466 1101 1532; x_wconf 83' lang='lat' dir='ltr'>civitas</span> <span class='ocrx_word' id='word_1_125' title='bbox 1121 1467 1203 1554; x_wconf 71' lang='lat' dir='ltr'>conl·</span> 
     </span>
     <span class='ocr_line' id='line_1_16' title="bbox 188 1555 1235 1640; baseline -0.001 -19"><span class='ocrx_word' id='word_1_126' title='bbox 188 1579 286 1621; x_wconf 88' lang='lat' dir='ltr'>sensu</span> <span class='ocrx_word' id='word_1_127' title='bbox 313 1557 606 1622; x_wconf 89' lang='lat' dir='ltr'>dissimillimorum</span> <span class='ocrx_word' id='word_1_128' title='bbox 634 1556 787 1640; x_wconf 84' lang='lat' dir='ltr'>concinit3</span> <span class='ocrx_word' id='word_1_129' title='bbox 816 1559 848 1621; x_wconf 94' lang='lat' dir='ltr'>et</span> <span class='ocrx_word' id='word_1_130' title='bbox 876 1577 958 1640; x_wconf 88' lang='lat' dir='ltr'>quae</span> <span class='ocrx_word' id='word_1_131' title='bbox 984 1555 1162 1621; x_wconf 82' lang='lat' dir='ltr'>harmonia</span> <span class='ocrx_word' id='word_1_132' title='bbox 1184 1573 1235 1620; x_wconf 75' lang='lat' dir='ltr'>au</span> 
     </span>
     <span class='ocr_line' id='line_1_17' title="bbox 188 1643 1202 1729; baseline -0.001 -20"><span class='ocrx_word' id='word_1_133' title='bbox 188 1645 320 1710; x_wconf 86' lang='lat' dir='ltr'>musicis</span> <span class='ocrx_word' id='word_1_134' title='bbox 344 1645 462 1711; x_wconf 89' lang='lat' dir='ltr'>dicitur</span> <span class='ocrx_word' id='word_1_135' title='bbox 483 1645 518 1711; x_wconf 92' lang='lat' dir='ltr'>in</span> <span class='ocrx_word' id='word_1_136' title='bbox 542 1648 648 1729; x_wconf 83' lang='lat' dir='ltr'>cantu,</span> <span class='ocrx_word' id='word_1_137' title='bbox 672 1667 710 1709; x_wconf 83' lang='lat' dir='ltr'>ee</span> <span class='ocrx_word' id='word_1_138' title='bbox 733 1644 841 1708; x_wconf 89' lang='lat' dir='ltr'>estin</span> <span class='ocrx_word' id='word_1_139' title='bbox 863 1643 997 1709; x_wconf 80' lang='lat' dir='ltr'>civitate</span> <span class='ocrx_word' id='word_1_140' title='bbox 1021 1644 1202 1729; x_wconf 83' lang='lat' dir='ltr'>concordie,</span> 
     </span>
     <span class='ocr_line' id='line_1_18' title="bbox 189 1732 1203 1818; baseline 0 -20"><span class='ocrx_word' id='word_1_141' title='bbox 189 1733 390 1798; x_wconf 77' lang='lat' dir='ltr'>artissimum</span> <span class='ocrx_word' id='word_1_142' title='bbox 413 1738 511 1817; x_wconf 81' lang='lat' dir='ltr'>atque</span> <span class='ocrx_word' id='word_1_143' title='bbox 534 1734 695 1818; x_wconf 90' lang='lat' dir='ltr'>optimum</span> <span class='ocrx_word' id='word_1_144' title='bbox 719 1733 808 1797; x_wconf 93' lang='lat' dir='ltr'>omni</span> <span class='ocrx_word' id='word_1_145' title='bbox 829 1733 866 1796; x_wconf 94' lang='lat' dir='ltr'>in</span> <span class='ocrx_word' id='word_1_146' title='bbox 885 1754 922 1797; x_wconf 87' lang='lat' dir='ltr'>re</span> <span class='ocrx_word' id='word_1_147' title='bbox 940 1732 1074 1818; x_wconf 83' lang='lat' dir='ltr'>publice</span> <span class='ocrx_word' id='word_1_148' title='bbox 1092 1734 1203 1798; x_wconf 83' lang='lat' dir='ltr'>vincu-</span> 
     </span>
     <span class='ocr_line' id='line_1_19' title="bbox 187 1820 1203 1906; baseline 0.001 -21"><span class='ocrx_word' id='word_1_149' title='bbox 187 1821 258 1885; x_wconf 93' lang='lat' dir='ltr'>lum</span> <span class='ocrx_word' id='word_1_150' title='bbox 279 1821 524 1904; x_wconf 88' lang='lat' dir='ltr'>incolumitatis,</span> <span class='ocrx_word' id='word_1_151' title='bbox 547 1843 648 1905; x_wconf 85' lang='lat' dir='ltr'>eaque</span> <span class='ocrx_word' id='word_1_152' title='bbox 672 1821 741 1885; x_wconf 88' lang='lat' dir='ltr'>sine</span> <span class='ocrx_word' id='word_1_153' title='bbox 759 1820 887 1885; x_wconf 82' lang='lat' dir='ltr'>iustitia</span> <span class='ocrx_word' id='word_1_154' title='bbox 904 1820 996 1885; x_wconf 88' lang='lat' dir='ltr'>nullo</span> <span class='ocrx_word' id='word_1_155' title='bbox 1014 1824 1113 1906; x_wconf 81' lang='lat' dir='ltr'>pecto</span> <span class='ocrx_word' id='word_1_156' title='bbox 1133 1843 1203 1887; x_wconf 90' lang='lat' dir='ltr'>esse</span> 
     </span>
     <span class='ocr_line' id='line_1_20' title="bbox 189 1909 850 1995; baseline 0.002 -21"><span class='ocrx_word' id='word_1_157' title='bbox 189 1913 309 1995; x_wconf 90' lang='lat' dir='ltr'>potest.</span> <span class='ocrx_word' id='word_1_158' title='bbox 345 1910 490 1993; x_wconf 82' lang='lat' dir='ltr'>(Aupust.</span> <span class='ocrx_word' id='word_1_159' title='bbox 513 1911 549 1974; x_wconf 86' lang='lat' dir='ltr'>de</span> <span class='ocrx_word' id='word_1_160' title='bbox 570 1913 625 1974; x_wconf 86' lang='lat' dir='ltr'>cio.</span> <span class='ocrx_word' id='word_1_161' title='bbox 647 1911 696 1974; x_wconf 78' lang='lat' dir='ltr'>dei</span> <span class='ocrx_word' id='word_1_162' title='bbox 718 1909 765 1973; x_wconf 92' lang='grc' dir='ltr'>ΙΙ</span> <span class='ocrx_word' id='word_1_163' title='bbox 782 1909 850 1993; x_wconf 81' lang='lat'><em>21.)</em></span> 
     </span>
    </p>

    <p class='ocr_par' dir='ltr' id='par_1_4' title="bbox 133 1997 1237 2612">
     <span class='ocr_line' id='line_1_21' title="bbox 133 1997 1237 2080; baseline 0.004 -18"><span class='ocrx_word' id='word_1_164' title='bbox 133 2007 179 2073; x_wconf 82' lang='lat'>43</span> <span class='ocrx_word' id='word_1_165' title='bbox 255 2001 305 2062; x_wconf 89' lang='lat' dir='ltr'>Ac</span> <span class='ocrx_word' id='word_1_166' title='bbox 325 2000 433 2064; x_wconf 60' lang='lat' dir='ltr'>deind</span> <span class='ocrx_word' id='word_1_167' title='bbox 455 2019 524 2063; x_wconf 85' lang='lat' dir='ltr'>cum</span> <span class='ocrx_word' id='word_1_168' title='bbox 546 1999 706 2080; x_wconf 79' lang='lat' dir='ltr'>otipuouto</span> <span class='ocrx_word' id='word_1_169' title='bbox 729 1999 824 2062; x_wconf 83' lang='lat' dir='ltr'>latius</span> <span class='ocrx_word' id='word_1_170' title='bbox 845 2002 875 2062; x_wconf 88' lang='lat' dir='ltr'>et</span> <span class='ocrx_word' id='word_1_171' title='bbox 894 1997 1019 2063; x_wconf 82' lang='lat' dir='ltr'>ubeius</span> <span class='ocrx_word' id='word_1_172' title='bbox 1040 1999 1237 2066; x_wconf 61' lang='lat' dir='ltr'>disseruit-²⁰</span> 
     </span>
     <span class='ocr_line' id='line_1_22' title="bbox 187 2085 1204 2170; baseline 0.001 -18"><span class='ocrx_word' id='word_1_173' title='bbox 187 2091 233 2152; x_wconf 84' lang='lat' dir='ltr'>set</span> <span class='ocrx_word' id='word_1_174' title='bbox 252 2085 396 2170; x_wconf 83' lang='lat' dir='ltr'>(Scipio),</span> <span class='ocrx_word' id='word_1_175' title='bbox 418 2092 570 2169; x_wconf 78' lang='lat' dir='ltr'>puuctum</span> <span class='ocrx_word' id='word_1_176' title='bbox 587 2087 744 2168; x_wconf 78' lang='lat' dir='ltr'>prodesset</span> <span class='ocrx_word' id='word_1_177' title='bbox 759 2087 882 2150; x_wconf 81' lang='lat' dir='ltr'>iustitio</span> <span class='ocrx_word' id='word_1_178' title='bbox 899 2087 1019 2151; x_wconf 77' lang='lat' dir='ltr'>cirdtuti</span> <span class='ocrx_word' id='word_1_179' title='bbox 1035 2093 1204 2169; x_wconf 69' lang='lat' dir='ltr'>quantusue·</span> 
     </span>
     <span class='ocr_line' id='line_1_23' title="bbox 187 2172 1203 2258; baseline 0.002 -18"><span class='ocrx_word' id='word_1_180' title='bbox 187 2195 246 2258; x_wconf 77' lang='lat' dir='ltr'>pue</span> <span class='ocrx_word' id='word_1_181' title='bbox 267 2176 389 2254; x_wconf 86' lang='lat' dir='ltr'>obesset,</span> <span class='ocrx_word' id='word_1_182' title='bbox 411 2177 441 2240; x_wconf 90' lang='lat' dir='ltr'>si</span> <span class='ocrx_word' id='word_1_183' title='bbox 462 2175 599 2256; x_wconf 66' lang='lat' dir='ltr'>afuisset,</span> <span class='ocrx_word' id='word_1_184' title='bbox 621 2175 752 2256; x_wconf 79' lang='lat' dir='ltr'>suscepit</span> <span class='ocrx_word' id='word_1_185' title='bbox 773 2175 882 2240; x_wconf 53' lang='lat' dir='ltr'>&amp;iude</span> <span class='ocrx_word' id='word_1_186' title='bbox 903 2172 1026 2252; x_wconf 81' lang='lat' dir='ltr'>Ptitus,</span> <span class='ocrx_word' id='word_1_187' title='bbox 1049 2195 1136 2242; x_wconf 85' lang='lat' dir='ltr'>uuus</span> <span class='ocrx_word' id='word_1_188' title='bbox 1158 2197 1203 2242; x_wconf 84' lang='lat' dir='ltr'>eo-</span> 
     </span>
     <span class='ocr_line' id='line_1_24' title="bbox 187 2261 1203 2346; baseline 0 -18"><span class='ocrx_word' id='word_1_189' title='bbox 187 2285 274 2343; x_wconf 83' lang='lat' dir='ltr'>rum,</span> <span class='ocrx_word' id='word_1_190' title='bbox 296 2265 351 2346; x_wconf 80' lang='lat' dir='ltr'>qui</span> <span class='ocrx_word' id='word_1_191' title='bbox 372 2264 577 2346; x_wconf 78' lang='lat' dir='ltr'>disputationi</span> <span class='ocrx_word' id='word_1_192' title='bbox 599 2265 736 2339; x_wconf 76' lang='lat' dir='ltr'>aderaut,</span> <span class='ocrx_word' id='word_1_193' title='bbox 761 2268 790 2326; x_wconf 83' lang='lat' dir='ltr'>et</span> <span class='ocrx_word' id='word_1_194' title='bbox 805 2263 956 2345; x_wconf 86' lang='lat' dir='ltr'>poposcit,</span> <span class='ocrx_word' id='word_1_195' title='bbox 978 2268 1016 2327; x_wconf 92' lang='lat' dir='ltr'>ut</span> <span class='ocrx_word' id='word_1_196' title='bbox 1035 2261 1112 2328; x_wconf 77' lang='lat' dir='ltr'>haec</span> <span class='ocrx_word' id='word_1_197' title='bbox 1134 2265 1203 2346; x_wconf 84' lang='lat' dir='ltr'>ipsu</span> 
     </span>
     <span class='ocr_line' id='line_1_25' title="bbox 187 2351 1202 2434; baseline 0.001 -18"><span class='ocrx_word' id='word_1_198' title='bbox 187 2355 324 2434; x_wconf 80' lang='lat' dir='ltr'>quaestio</span> <span class='ocrx_word' id='word_1_199' title='bbox 347 2352 525 2434; x_wconf 80' lang='lat' dir='ltr'>ditipeutius</span> <span class='ocrx_word' id='word_1_200' title='bbox 547 2356 731 2416; x_wconf 72' lang='lat' dir='ltr'>uucmruur</span> <span class='ocrx_word' id='word_1_201' title='bbox 752 2370 790 2415; x_wconf 85' lang='lat' dir='ltr'>uc</span> <span class='ocrx_word' id='word_1_202' title='bbox 811 2353 848 2416; x_wconf 87' lang='lat' dir='ltr'>de</span> <span class='ocrx_word' id='word_1_203' title='bbox 869 2351 991 2416; x_wconf 84' lang='lat' dir='ltr'>iustitio</span> <span class='ocrx_word' id='word_1_204' title='bbox 1007 2352 1109 2433; x_wconf 86' lang='lat' dir='ltr'>plura</span> <span class='ocrx_word' id='word_1_205' title='bbox 1125 2354 1202 2417; x_wconf 79' lang='lat' dir='ltr'>dice</span> 
     </span>
     <span class='ocr_line' id='line_1_26' title="bbox 188 2438 1235 2524; baseline 0.001 -21"><span class='ocrx_word' id='word_1_206' title='bbox 188 2446 297 2506; x_wconf 80' lang='lat' dir='ltr'>reuutr</span> <span class='ocrx_word' id='word_1_207' title='bbox 315 2446 441 2523; x_wconf 82' lang='lat' dir='ltr'>propter</span> <span class='ocrx_word' id='word_1_208' title='bbox 462 2441 550 2516; x_wconf 89' lang='lat' dir='ltr'>illud,</span> <span class='ocrx_word' id='word_1_209' title='bbox 572 2440 654 2520; x_wconf 81' lang='lat' dir='ltr'>quod</span> <span class='ocrx_word' id='word_1_210' title='bbox 674 2441 741 2502; x_wconf 85' lang='lat' dir='ltr'>iam</span> <span class='ocrx_word' id='word_1_211' title='bbox 762 2439 851 2522; x_wconf 81' lang='lat' dir='ltr'>uutpo</span> <span class='ocrx_word' id='word_1_212' title='bbox 872 2438 1037 2519; x_wconf 78' lang='lat' dir='ltr'>ferebatur,</span> <span class='ocrx_word' id='word_1_213' title='bbox 1059 2460 1127 2504; x_wconf 83' lang='lat' dir='ltr'>rem</span> <span class='ocrx_word' id='word_1_214' title='bbox 1143 2461 1202 2524; x_wconf 89' lang='lat' dir='ltr'>pu-</span> <span class='ocrx_word' id='word_1_215' title='bbox 1214 2454 1235 2494; x_wconf 79' lang='lat'>2⁵</span> 
     </span>
     <span class='ocr_line' id='line_1_27' title="bbox 188 2525 1106 2612; baseline -0.001 -19"><span class='ocrx_word' id='word_1_216' title='bbox 188 2530 300 2594; x_wconf 83' lang='lat' dir='ltr'>tticum</span> <span class='ocrx_word' id='word_1_217' title='bbox 319 2531 387 2612; x_wconf 81' lang='lat' dir='ltr'>peri</span> <span class='ocrx_word' id='word_1_218' title='bbox 408 2530 475 2594; x_wconf 86' lang='lat' dir='ltr'>siue</span> <span class='ocrx_word' id='word_1_219' title='bbox 496 2528 618 2592; x_wconf 77' lang='lat' dir='ltr'>iuiuuiu</span> <span class='ocrx_word' id='word_1_220' title='bbox 639 2547 702 2591; x_wconf 85' lang='lat' dir='ltr'>uou</span> <span class='ocrx_word' id='word_1_221' title='bbox 718 2545 816 2608; x_wconf 84' lang='lat' dir='ltr'>posse.</span> <span class='ocrx_word' id='word_1_222' title='bbox 853 2525 1000 2609; x_wconf 81' lang='lat' dir='ltr'>(Aupust.</span> <span class='ocrx_word' id='word_1_223' title='bbox 1024 2527 1044 2591; x_wconf 90' lang='lat' dir='ltr'>t.</span> <span class='ocrx_word' id='word_1_224' title='bbox 1068 2528 1106 2612; x_wconf 91' lang='lat' dir='ltr'>t.)</span> 
     </span>
    </p>

    <p class='ocr_par' dir='ltr' id='par_1_5' title="bbox 132 2599 1237 3476">
     <span class='ocr_line' id='line_1_28' title="bbox 132 2599 1202 2726; baseline -0.003 -43"><span class='ocrx_word' id='word_1_225' title='bbox 132 2599 214 2726; x_wconf 66' lang='lat' dir='ltr'>idp&#39;</span> <span class='ocrx_word' id='word_1_226' title='bbox 234 2620 265 2699; x_wconf 81' lang='lat'>9]</span> <span class='ocrx_word' id='word_1_227' title='bbox 340 2615 554 2701; x_wconf 67' lang='lat' dir='ltr'>...plenam</span> <span class='ocrx_word' id='word_1_228' title='bbox 579 2635 649 2679; x_wconf 90' lang='lat' dir='ltr'>esse</span> <span class='ocrx_word' id='word_1_229' title='bbox 675 2614 830 2678; x_wconf 86' lang='lat' dir='ltr'>iustitiae.</span> <span class='ocrx_word' id='word_1_230' title='bbox 875 2613 960 2679; x_wconf 78' lang='lat' dir='ltr'>Tum</span> <span class='ocrx_word' id='word_1_231' title='bbox 985 2611 1110 2700; x_wconf 84' lang='lat' dir='ltr'>Scipio:</span> <span class='ocrx_word' id='word_1_232' title='bbox 1139 2615 1202 2681; x_wconf 81' lang='lat' dir='ltr'>Ad·</span> 
     </span>
     <span class='ocr_line' id='line_1_29' title="bbox 188 2702 1201 2787; baseline -0.001 -17"><span class='ocrx_word' id='word_1_233' title='bbox 188 2705 312 2770; x_wconf 90' lang='lat' dir='ltr'>sentior</span> <span class='ocrx_word' id='word_1_234' title='bbox 333 2726 411 2769; x_wconf 82' lang='lat' dir='ltr'>vero</span> <span class='ocrx_word' id='word_1_235' title='bbox 434 2702 648 2786; x_wconf 85' lang='lat' dir='ltr'>renuntioque</span> <span class='ocrx_word' id='word_1_236' title='bbox 671 2702 765 2768; x_wconf 83' lang='lat' dir='ltr'>vobis</span> <span class='ocrx_word' id='word_1_237' title='bbox 784 2702 868 2767; x_wconf 91' lang='lat' dir='ltr'>nihil</span> <span class='ocrx_word' id='word_1_238' title='bbox 887 2724 967 2787; x_wconf 90' lang='lat' dir='ltr'>esse,</span> <span class='ocrx_word' id='word_1_239' title='bbox 991 2703 1080 2787; x_wconf 93' lang='lat' dir='ltr'>quod</span> <span class='ocrx_word' id='word_1_240' title='bbox 1099 2705 1201 2769; x_wconf 78' lang='lat' dir='ltr'>adhuc</span> 
     </span>
     <span class='ocr_line' id='line_1_30' title="bbox 187 2791 1202 2878; baseline -0.003 -19"><span class='ocrx_word' id='word_1_241' title='bbox 187 2794 226 2859; x_wconf 90' lang='lat' dir='ltr'>de</span> <span class='ocrx_word' id='word_1_242' title='bbox 249 2793 437 2878; x_wconf 82' lang='lat' dir='ltr'>republica</span> <span class='ocrx_word' id='word_1_243' title='bbox 460 2791 590 2856; x_wconf 87' lang='lat' dir='ltr'>dictum.</span> <span class='ocrx_word' id='word_1_244' title='bbox 603 2795 754 2876; x_wconf 88' lang='lat' dir='ltr'>putemus</span> <span class='ocrx_word' id='word_1_245' title='bbox 778 2795 835 2856; x_wconf 83' lang='lat' dir='ltr'>eut</span> <span class='ocrx_word' id='word_1_246' title='bbox 858 2813 922 2876; x_wconf 94' lang='lat' dir='ltr'>quo</span> <span class='ocrx_word' id='word_1_247' title='bbox 944 2793 1111 2876; x_wconf 89' lang='lat' dir='ltr'>possimus</span> <span class='ocrx_word' id='word_1_248' title='bbox 1136 2794 1202 2858; x_wconf 89' lang='lat' dir='ltr'>lon·</span> 
     </span>
     <span class='ocr_line' id='line_1_31' title="bbox 187 2879 1236 2967; baseline 0.001 -22"><span class='ocrx_word' id='word_1_249' title='bbox 187 2882 260 2967; x_wconf 82' lang='lat' dir='ltr'>gius</span> <span class='ocrx_word' id='word_1_250' title='bbox 284 2879 446 2967; x_wconf 81' lang='lat' dir='ltr'>progredi,</span> <span class='ocrx_word' id='word_1_251' title='bbox 468 2879 534 2944; x_wconf 89' lang='lat' dir='ltr'>nisi</span> <span class='ocrx_word' id='word_1_252' title='bbox 552 2879 614 2943; x_wconf 91' lang='lat' dir='ltr'>erit</span> <span class='ocrx_word' id='word_1_253' title='bbox 632 2880 860 2945; x_wconf 81' lang='lat' dir='ltr'>confirmatum</span> <span class='ocrx_word' id='word_1_254' title='bbox 879 2901 947 2944; x_wconf 91' lang='lat' dir='ltr'>non</span> <span class='ocrx_word' id='word_1_255' title='bbox 964 2880 1061 2944; x_wconf 92' lang='lat' dir='ltr'>modo</span> <span class='ocrx_word' id='word_1_256' title='bbox 1081 2880 1201 2946; x_wconf 81' lang='lat' dir='ltr'>falsum</span> <span class='ocrx_word' id='word_1_257' title='bbox 1213 2897 1236 2938; x_wconf 78' lang='lat'>³⁰</span> 
     </span>
     <span class='ocr_line' id='line_1_32' title="bbox 186 2967 1201 3053; baseline 0.004 -22"><span class='ocrx_word' id='word_1_258' title='bbox 186 2970 268 3034; x_wconf 86' lang='lat' dir='ltr'>illud</span> <span class='ocrx_word' id='word_1_259' title='bbox 291 2989 370 3053; x_wconf 88' lang='lat' dir='ltr'>esse,</span> <span class='ocrx_word' id='word_1_260' title='bbox 395 2968 463 3032; x_wconf 87' lang='lat' dir='ltr'>sine</span> <span class='ocrx_word' id='word_1_261' title='bbox 486 2967 605 3032; x_wconf 84' lang='lat' dir='ltr'>iniuria</span> <span class='ocrx_word' id='word_1_262' title='bbox 627 2989 694 3032; x_wconf 92' lang='lat' dir='ltr'>non</span> <span class='ocrx_word' id='word_1_263' title='bbox 711 2989 816 3053; x_wconf 89' lang='lat' dir='ltr'>posse,</span> <span class='ocrx_word' id='word_1_264' title='bbox 840 2968 896 3032; x_wconf 89' lang='lat' dir='ltr'>sed</span> <span class='ocrx_word' id='word_1_265' title='bbox 914 2968 977 3034; x_wconf 89' lang='lat' dir='ltr'>hoc</span> <span class='ocrx_word' id='word_1_266' title='bbox 993 2967 1201 3035; x_wconf 85' lang='lat' dir='ltr'>verissimum</span> 
     </span>
     <span class='ocr_line' id='line_1_33' title="bbox 187 3055 1200 3142; baseline 0.002 -20"><span class='ocrx_word' id='word_1_267' title='bbox 187 3079 270 3140; x_wconf 87' lang='lat' dir='ltr'>esse,</span> <span class='ocrx_word' id='word_1_268' title='bbox 300 3057 370 3121; x_wconf 88' lang='lat' dir='ltr'>sine</span> <span class='ocrx_word' id='word_1_269' title='bbox 400 3077 528 3120; x_wconf 86' lang='lat' dir='ltr'>summa</span> <span class='ocrx_word' id='word_1_270' title='bbox 557 3055 686 3120; x_wconf 83' lang='lat' dir='ltr'>iustitia</span> <span class='ocrx_word' id='word_1_271' title='bbox 705 3077 785 3138; x_wconf 31' lang='lat' dir='ltr'>,rem</span> <span class='ocrx_word' id='word_1_272' title='bbox 814 3056 980 3141; x_wconf 84' lang='lat' dir='ltr'>publicem</span> <span class='ocrx_word' id='word_1_273' title='bbox 1009 3057 1082 3142; x_wconf 77' lang='lat' dir='ltr'>geri</span> <span class='ocrx_word' id='word_1_274' title='bbox 1112 3060 1200 3124; x_wconf 90' lang='lat' dir='ltr'>nullo</span> 
     </span>
     <span class='ocr_line' id='line_1_34' title="bbox 185 3141 1201 3230; baseline 0.004 -21"><span class='ocrx_word' id='word_1_275' title='bbox 185 3174 213 3226; x_wconf 85' lang='lat' dir='ltr'>p.</span> <span class='ocrx_word' id='word_1_276' title='bbox 234 3148 282 3227; x_wconf 91' lang='lat'>10]</span> <span class='ocrx_word' id='word_1_277' title='bbox 306 3144 402 3210; x_wconf 87' lang='lat' dir='ltr'>modo</span> <span class='ocrx_word' id='word_1_278' title='bbox 420 3165 525 3230; x_wconf 91' lang='lat' dir='ltr'>posse.</span> <span class='ocrx_word' id='word_1_279' title='bbox 563 3141 634 3228; x_wconf 84' lang='lat' dir='ltr'>Sed,</span> <span class='ocrx_word' id='word_1_280' title='bbox 658 3144 687 3208; x_wconf 90' lang='lat' dir='ltr'>si</span> <span class='ocrx_word' id='word_1_281' title='bbox 705 3144 822 3229; x_wconf 78' lang='lat' dir='ltr'>placet,</span> <span class='ocrx_word' id='word_1_282' title='bbox 842 3144 847 3228; x_wconf 74' lang='lat' dir='ltr'>l</span> <span class='ocrx_word' id='word_1_283' title='bbox 866 3144 901 3208; x_wconf 91' lang='lat' dir='ltr'>in</span> <span class='ocrx_word' id='word_1_284' title='bbox 918 3144 1005 3210; x_wconf 90' lang='lat' dir='ltr'>hunc</span> <span class='ocrx_word' id='word_1_285' title='bbox 1024 3145 1111 3210; x_wconf 90' lang='lat' dir='ltr'>diem</span> <span class='ocrx_word' id='word_1_286' title='bbox 1129 3148 1201 3213; x_wconf 84' lang='lat' dir='ltr'>hsc-</span> 
     </span>
     <span class='ocr_line' id='line_1_35' title="bbox 185 3229 1201 3319; baseline 0.002 -21"><span class='ocrx_word' id='word_1_287' title='bbox 185 3238 297 3316; x_wconf 82' lang='lat' dir='ltr'>tenus3</span> <span class='ocrx_word' id='word_1_288' title='bbox 325 3233 452 3316; x_wconf 83' lang='lat' dir='ltr'>reliquo</span> <span class='ocrx_word' id='word_1_289' title='bbox 480 3229 575 3317; x_wconf 85' lang='lat' dir='ltr'>(sotis</span> <span class='ocrx_word' id='word_1_290' title='bbox 604 3233 690 3297; x_wconf 91' lang='lat' dir='ltr'>enim</span> <span class='ocrx_word' id='word_1_291' title='bbox 719 3233 824 3296; x_wconf 81' lang='lat' dir='ltr'>multa</span> <span class='ocrx_word' id='word_1_292' title='bbox 846 3231 988 3319; x_wconf 85' lang='lat' dir='ltr'>restant)</span> <span class='ocrx_word' id='word_1_293' title='bbox 1013 3233 1201 3300; x_wconf 81' lang='lat' dir='ltr'>differamus</span> 
     </span>
     <span class='ocr_line' id='line_1_36' title="bbox 185 3319 1237 3407; baseline 0.004 -21"><span class='ocrx_word' id='word_1_294' title='bbox 185 3322 220 3386; x_wconf 91' lang='lat' dir='ltr'>in</span> <span class='ocrx_word' id='word_1_295' title='bbox 244 3321 430 3386; x_wconf 85' lang='lat' dir='ltr'>crastinum.</span> <span class='ocrx_word' id='word_1_296' title='bbox 467 3319 550 3386; x_wconf 85' lang='lat' dir='ltr'>Cum</span> <span class='ocrx_word' id='word_1_297' title='bbox 572 3320 621 3386; x_wconf 83' lang='lat' dir='ltr'>its</span> <span class='ocrx_word' id='word_1_298' title='bbox 643 3321 834 3406; x_wconf 78' lang='lat' dir='ltr'>placuisset,</span> <span class='ocrx_word' id='word_1_299' title='bbox 856 3320 931 3386; x_wconf 90' lang='lat' dir='ltr'>finis</span> <span class='ocrx_word' id='word_1_300' title='bbox 955 3321 1147 3407; x_wconf 77' lang='lat' dir='ltr'>disputandi</span> <span class='ocrx_word' id='word_1_301' title='bbox 1168 3324 1237 3389; x_wconf 82' lang='lat' dir='ltr'>inu</span> 
     </span>
     <span class='ocr_line' id='line_1_37' title="bbox 187 3409 582 3476; baseline 0 -2"><span class='ocrx_word' id='word_1_302' title='bbox 187 3432 260 3476; x_wconf 90' lang='lat' dir='ltr'>eum</span> <span class='ocrx_word' id='word_1_303' title='bbox 284 3409 368 3474; x_wconf 90' lang='lat' dir='ltr'>diem</span> <span class='ocrx_word' id='word_1_304' title='bbox 391 3409 497 3474; x_wconf 83' lang='lat' dir='ltr'>fectus</span> <span class='ocrx_word' id='word_1_305' title='bbox 521 3414 582 3474; x_wconf 88' lang='lat' dir='ltr'>est.</span> 
     </span>
    </p>
   </div>
   <div class='ocr_carea' id='block_1_3' title="bbox 586 3536 798 3544">
    <p class='ocr_par' dir='ltr' id='par_1_6' title="bbox 586 3536 798 3544">
     <span class='ocr_line' id='line_1_38' title="bbox 586 3536 798 3544; baseline 0.009 -2"><span class='ocrx_word' id='word_1_306' title='bbox 586 3536 798 3544; x_wconf 76' lang='lat'><em>———--———-·-</em></span> 
     </span>
    </p>
   </div>
   <div class='ocr_carea' id='block_1_4' title="bbox 0 0 1274 3880">
    <p class='ocr_par' dir='ltr' id='par_1_7' title="bbox 0 0 1274 3880">
     <span class='ocr_line' id='line_1_39' title="bbox 0 0 1274 3880; baseline 0 0"><span class='ocrx_word' id='word_1_307' title='bbox 0 0 1274 3880; x_wconf 95' lang='lat' dir='ltr'> </span> 
     </span>
    </p>
   </div>
  </div>
 </body>
</html>
