2610 3894
349 139 418 195 ΗΒ.
436 141 485 196 111.
505 141 581 196 car.
602 148 716 198 rr-rc.
734 147 750 208 a
767 147 882 197 44-49.
1055 143 1120 208 123

107 284 276 352 menides‘?
318 283 407 360 Quae
430 285 459 350 si
481 285 560 352 deae
584 289 669 370 sunt,
693 307 830 371 quarum
855 289 889 351 et
911 284 1051 352 Athenis
1073 287 1120 352 la·

104 395 186 439 num
209 375 317 438 estet
340 372 427 458 apud
448 394 518 458 nos,
540 376 578 439 ut
601 395 662 459 ogo
684 373 892 460 interpretor,
915 375 1006 440 lucus
1029 373 1121 439 Furi·

105 483 176 544 uae,
199 459 318 526 Furiae
336 460 414 526 deae
433 465 518 546 suut,
542 462 782 547 speculatrices,
805 462 909 546 credo,
931 465 964 528 et
977 462 1120 528 vindices

106 549 290 616 facinorum
313 552 346 614 et
369 549 509 616 sceleris.
546 548 668 625 Quodsi
685 549 841 615 tales-dei
860 554 944 634 sunt,
966 555 1004 616 ut
1022 551 1120 616 rebus
1139 566 1173 615 47

68 657 82 698 a
108 637 261 704 humanis
280 637 442 721 intersint,
465 637 567 704 Natio
590 660 717 722 quoque
736 638 797 703 dea
813 638 960 722 putanda
977 642 1037 724 cst,
1060 639 1121 724 cui,

108 748 182 792 oum
209 724 287 792 fana
313 725 520 793 circumimus
547 725 583 790 in
605 747 685 812 agro
708 725 858 810 Ardeati,
885 747 955 792 rem
978 727 1122 793 divinam

106 813 215 881 facero
234 813 392 898 solemu13
415 835 497 898 quae
516 813 594 898 quia
611 818 725 899 partus
743 818 968 881 matronarum
981 819 1122 900 tueatur,

107 925 129 968 a
150 901 367 970 nascentibus
383 900 485 968 Natio
507 901 677 968 nominata
700 905 758 969 est.
779 902 850 968 'Ea
872 903 901 968 si
924 903 983 969 dea
1006 907 1065 987 est,
1089 903 1122 968 di

108 1011 222 1056 omnes
245 989 306 1073 illi,
322 989 386 1074 ,qui
406 991 748 1056 commemorabantur
768 1012 789 1055 a
806 994 848 1075 te,
870 989 995 1076 Honos,
1016 991 1122 1076 Fides,

68 1097 94 1136 ιο
107 1077 210 1162 Mens,
233 1075 423 1161 Concordia,
446 1099 524 1164 ergo
549 1077 648 1144 etiam
671 1076 763 1164 Spes,
784 1077 917 1144 Moneta
940 1081 1122 1164 omniaque,

108 1188 192 1252 quae
211 1165 410 1251 cogitatione
423 1165 593 1232 'nobismet
605 1166 670 1251 ipsi
683 1188 856 1252 possumus
869 1167 1001 1254 fingere.
1029 1167 1120 1244 Quod

108 1255 138 1320 si
159 1253 231 1320 veri
253 1253 359 1320 simile
382 1275 449 1320 non
467 1258 526 1338 est,
547 1276 589 1320 ne
606 1254 690 1320 illud
709 1254 839 1339 quidem
857 1259 916 1339 est,
939 1256 1020 1321 haec
1038 1256 1122 1321 unde

107 1343 280 1416 fiunenmt.
325 1340 410 1417 Quid
432 1346 542 1410 autem
565 1342 653 1426 diois,
677 1342 705 1407 si
728 1343 761 1407 di
784 1347 860 1408 sunt
882 1343 942 1428 illi,
966 1366 1048 1429 quos
1071 1365 1122 1410 co·
1134 1343 1175 1408 19

107 1431 208 1496 limus
235 1433 269 1496 et
296 1430 491 1516 accepimus,
519 1452 576 1496 cur
602 1451 669 1496 non
696 1431 808 1496 eodem
831 1431 866 1494 in
889 1453 1007 1518 genere
1030 1429 1123 1498 Sera-

67 1537 94 1577 ιε
108 1519 178 1604 pim
200 1517 344 1602 Isimque
369 1519 599 1584 numeremus?
629 1518 716 1603 quod
742 1518 770 1584 si
791 1518 943 1605 facimus,
971 1542 1028 1586 cur
1050 1521 1122 1585 bar·

108 1607 264 1672 berorum
296 1606 373 1672 deos
404 1607 633 1692 repudiemus?
678 1605 785 1672 Boves
816 1607 920 1693 igitur
951 1611 985 1672 et
1012 1629 1122 1694 equos,

39 1770 41 1772 ¹
108 1696 183 1778 ibis,
202 1694 381 1780 accipitres,
400 1695 540 1780 aspidas,
559 1694 747 1779 crocodilos,
765 1695 880 1781 pisces,
898 1717 1003 1781 canes,
1016 1696 1122 1782 lupos,

107 1783 215 1867 faelis,
233 1782 355 1848 multas
373 1787 544 1867 praeterea
561 1782 675 1848 beluas
693 1783 877 1849 iudeorum
888 1805 1060 1849 numerum
1074 1806 1122 1850 re·

109 1891 277 1958 ponemus.
322 1869 411 1946 Quae
434 1871 463 1936 si
484 1871 670 1956 reiciamus,
693 1871 752 1936 illa
775 1893 911 1956 quoquc,
935 1872 1018 1938 unde
1041 1873 1123 1940 haec

67 1978 96 2018 2⁰
109 1963 190 2026 nata
213 1962 302 2042 sunt,
329 1959 507 2025 reiciemus.
552 1958 637 2035 Quid
660 1959 796 2025 deinde?
823 1958 882 2026 Ino
907 1960 966 2025 dea
989 1960 1123 2027 ducetur
1141 1973 1175 2022 48

110 2052 144 2114 et
166 2044 343 2114 Λευκοθέα
365 2070 386 2112 a
409 2046 555 2132 Graecis,
578 2069 598 2113 a
618 2048 714 2114 nobis
737 2047 868 2114 Matuta
890 2048 1027 2132 dicetur,
1050 2071 1123 2115 oum

109 2136 155 2202 sit
177 2134 293 2202 Cadmi
318 2134 400 2219 filia,
428 2133 520 2202 Qirce
548 2140 658 2201 autem
681 2135 898 2220 etPasipha‘e'
922 2140 955 2201 et
977 2136 1123 2204 Aeetae

109 2223 270 2307 Perseide,
292 2222 412 2289 Oceani
435 2223 512 2308 filia,
534 2225 615 2308 nati,
637 2227 731 2309 patre
749 2221 834 2309 Sole,
857 2225 892 2288 in
915 2225 1048 2290 deorum
1065 2248 1123 2292 nu·

110 2334 201 2378 mero
223 2333 289 2376 non
312 2310 543 2377 habebuntur?
566 2334 765 2397 quamquam
783 2310 898 2379 Circen
921 2335 1049 2399 quoque
1072 2335 1123 2379 oo·

67 2400 180 2467 aloni
211 2398 317 2465 nostri
344 2397 541 2466 Circeienses
569 2400 722 2486 religiose
750 2401 871 2466 colunt.
920 2399 1010 2489 Ergo
1038 2401 1123 2466 hanc

110 2489 205 2554 deam
233 2486 351 2552 ducas?
384 2487 461 2573 quid
483 2487 615 2554 Medeae
638 2489 863 2574 respondebis,
891 2510 974 2572 quae
997 2489 1123 2554 duobus

110 2577 195 2660 avis,
223 2572 300 2640 Sole
323 2579 356 2641 et
378 2575 521 2660 Oceano,
547 2576 652 2642 Aeeta
673 2579 781 2662 patre,
808 2580 914 2642 matre
935 2575 1029 2660 Idyia
1051 2597 1124 2661 pro-

110 2667 221 2731 creata
249 2663 321 2728 est?
350 2662 427 2748 quid
453 2663 549 2730 huius
572 2665 719 2748 Absyrto
746 2665 856 2749 tratri,
885 2664 941 2748 qui
963 2667 1014 2728 est
1037 2663 1124 2748 apud

110 2752 288 2818 Pacuvium
311 2749 512 2838 Aegialeus?
540 2753 597 2818 sed
621 2753 703 2818 illud
724 2774 844 2818 nomen
866 2755 1013 2817 veterum
1036 2752 1124 2817 litte·
1172 2750 1175 2757 ’

70 2857 98 2898 ⁸⁰
111 2842 158 2906 ris
181 2839 345 2905 usitatius.
390 2838 453 2915 Qui
475 2839 503 2905 ai
527 2840 560 2905 di
581 2861 648 2908 non
671 2844 760 2924 sunt,
788 2861 915 2923 vereor,
943 2840 1021 2924 quid
1044 2843 1124 2926 agat

110 2929 185 3012 Ino,
207 2927 288 2993 haec
310 2927 396 2993 enim
420 2927 531 2994 omnia
552 2950 591 2994 ex
614 2928 727 2995 eodem
748 2928 840 2995 fonte
862 2929 1033 2993 fluxerunt.
1070 2929 1124 2994 An
1142 2941 1176 2990 49

110 3014 333 3101 Amphiaraus
355 3015 419 3080 erit
441 3015 519 3082 deus
543 3020 577 3082 et
590 3015 819 3102 Trophonius?
855 3014 971 3081 Nostri
995 3016 1124 3101 quidem

110 3103 292 3190 publicani,
315 3126 388 3168 cum
410 3107 519 3169 essent
542 3104 614 3190 agri
636 3105 671 3169 in
688 3102 827 3170 Boeotia
850 3104 983 3170 deorum
1005 3105 1124 3170 inmor-

111 3193 230 3258 talium
253 3191 379 3276 excepti
396 3192 469 3278 legc
487 3193 643 3277 censoria,
665 3193 832 3279 negabant
849 3191 1034 3258 inmortalis
1054 3215 1125 3259 esse

74 3295 99 3337 ³⁵
112 3281 214 3365 ullos,
246 3279 302 3364 qui
330 3279 504 3363 aliquando
531 3279 680 3346 homines
707 3281 856 3345 fuissent.
901 3279 965 3347 seo
993 3282 1021 3346 si
1048 3285 1125 3346 sunt

111 3368 148 3434 hi
170 3367 213 3454 di,
235 3371 286 3433 est
305 3371 391 3434 certe
405 3365 616 3453 Erechtheus,
639 3368 729 3435 cuius
744 3367 883 3434 Athenis
903 3372 937 3434 et
954 3369 1125 3435 delubrum

111 3455 253 3523 uidimus
277 3458 310 3520 et
333 3454 543 3522 sacerdotem.
582 3455 684 3532 Quem
708 3457 737 3522 si
760 3457 856 3530 deum
877 3456 1024 3538 facimus,
1049 3457 1126 3541 quid
