2610 3894
211 127 255 192 48
517 123 568 179 DE
586 123 739 179 NATURA
756 121 913 178 DEORUM
1281 2 1282 83 i

212 274 246 337 et
278 270 376 336 otiosi
408 290 519 335 sumus
549 268 618 334 et
608 267 649 332 ris
677 268 716 333 de
743 267 840 332 rebus
868 267 1010 353 agimus,
1040 289 1124 352 quae
1147 271 1226 334 sunt
1281 247 1282 346 l

213 359 312 424 etiam
334 381 375 423 ne
400 357 476 423 otiis
501 356 752 442 anteponendae.

278 447 361 512 Tum
415 445 544 512 ucilius:
575 443 627 509 Ne
656 465 750 530 cgere
778 443 909 528 quidem
935 443 1077 528 videtur,
1106 444 1282 530 inquit,

211 537 359 602 oratione
376 535 483 621 prima
500 553 586 619 pars.
623 530 707 608 Quid
725 530 811 596 enim
829 535 940 616 potest
958 553 1029 598 esse
1049 537 1119 597 tam
1134 555 1226 619 aper·
1281 526 1282 551 ¹

210 631 282 690 tum
304 628 437 708 tamque
459 621 674 723 perspicuum,
697 642 771 685 cum
788 621 914 686 caelum
932 620 1137 705 suspeximus
1155 643 1227 687 cae·
1250 637 1260 676 ⁵

210 713 390 798 lestiaque
398 707 612 796 contemplati
639 729 763 810 sumus,
791 729 890 793 quam
916 729 988 774 esse
1012 708 1146 794 aliquod
1167 732 1226 774 nu-

210 824 286 868 men
321 799 640 901 praestantissimae
659 795 792 881 mentis,
828 817 892 881 quo
928 795 1010 862 haec
1041 817 1144 900 regau
1144 799 1226 863 tur?

211 889 304 965 Quod
330 888 366 952 ιι
386 887 436 952 ιιι
459 889 558 970 esset,
587 883 642 969 qui
663 884 826 970 potuisset
849 883 988 949 adsensu
1010 885 1157 951 omnium
1181 886 1227 950 di-

211 999 283 1043 cere
305 975 446 1041 Ennius:

172 409 193 536 ι

276 1083 420 1186 Ᾰιριιι
456 1098 527 1164 hoc
559 1093 726 1162 sublime
759 1096 938 1181 candens,
976 1118 1086 1181 quem
1116 1095 1260 1164 ruvo-1⁰

725 1187 814 1250 cant
837 1186 967 1250 omues
990 1183 1135 1270 Iovem,

209 1332 304 1397 illum
326 1350 404 1395 ιιιο
427 1330 461 1392 ιι
477 1325 590 1392 Iovem
613 1329 647 1390 et
669 1324 815 1389 dominat
800 1328 906 1390 torem
929 1346 1039 1390 rerum
1062 1329 1097 1390 et
1114 1327 1227 1392 omnis

208 1423 292 1485 nutu
314 1419 482 1504 regentem
505 1419 547 1499 et,
569 1416 607 1478 ut
628 1413 715 1477 idem
737 1411 872 1498 Ennius,

377 1543 528 1626 patrem
552 1537 757 1621 divumque
780 1535 1055 1621 hominumque

209 1687 243 1750 ιι
265 1684 470 1768 praesentem
493 1701 531 1746 ac
552 1681 799 1764 praepotentem
823 1677 940 1742 deum?
977 1675 1072 1753 Quod
1093 1678 1151 1762 qui
1170 1679 1227 1744 du·

209 1772 307 1856 bibet,
333 1769 421 1834 haud
444 1789 522 1833 same
544 1767 715 1851 intellego,
744 1787 802 1830 cur
823 1765 1011 1850 nunidem,
1040 1766 1090 1832 sol
1115 1767 1160 1831 sit
1182 1783 1259 1832 ιιι

174 1860 319 1926 5nullus
351 1857 408 1941 sit,
380 1855 533 1922 tdubit
535 1876 589 1920 are
621 1853 734 1956 possit.
780 1851 843 1928 Qui
874 1853 960 1918 enim
991 1857 1042 1918 est
1070 1854 1133 1920 hoc
1164 1855 1225 1921 illo

210 1907 412 2014 evidentiusl
466 1941 559 2019 Quod
596 1942 661 2007 nisi
696 1942 864 2027 cognitum
900 1942 1225 2028 conprehensumque

209 2035 326 2102 animis
357 2033 564 2116 haberemus,
595 2052 663 2096 non
693 2033 826 2094 tumst
812 2029 924 2095 tabilis
958 2029 1069 2115 opinio
1097 2053 1226 2116 parma

207 2128 301 2189 neret
321 2144 382 2188 nec
405 2120 651 2186 confirmaretur
671 2118 884 2183 diuturnitate
903 2119 1061 2202 temporis
1079 2141 1140 2185 nec
1158 2143 1226 2185 una

209 2235 283 2278 cum
301 2210 417 2276 saeclis
435 2208 662 2293 aetatibusque
679 2206 848 2271 hominum
861 2205 1037 2271 inveterari
1050 2207 1225 2292 potuisset,
1238 2224 1259 2262 2⁰

208 2299 341 2368 Etenim
367 2297 514 2362 videmus
542 2300 666 2362 ceteras
690 2293 858 2379 opiniones
881 2293 974 2360 fictas
998 2298 1097 2380 atque
1120 2318 1225 2362 vanas

209 2386 423 2454 diuturnitate
455 2384 649 2450 extabuisse.
699 2380 778 2458 Quis
807 2381 893 2447 enim
918 2381 1226 2468 Hippocentaurum

207 2477 310 2543 fuisse
333 2478 391 2540 aut
408 2472 615 2540 Chimaeram
637 2471 755 2556 putat?
779 2492 901 2556 quaeve
920 2493 1001 2536 amus
1019 2476 1090 2536 tam
1109 2493 1224 2539 excors

208 2563 348 2631 inveniri
370 2565 494 2648 potest,
518 2583 600 2646 quae
622 2560 691 2644 ille,
715 2581 796 2643 quae
820 2559 984 2643 quondam
1006 2559 1226 2626 credebantur

209 2654 295 2740 apud
325 2651 448 2717 inferos
475 2652 640 2736 portenta,
673 2648 885 2713 extimescat?
935 2646 1105 2734 Opinicnis
1137 2650 1259 2714 enim²⁵

209 2743 372 2808 comment
373 2763 393 2804 a
357 2739 502 2804 tdelet
525 2737 607 2821 dies,
631 2740 767 2801 naturae
790 2735 909 2801 iudicia
931 2735 1112 2802 confirmat
1159 2736 1226 2803 Ita-

209 2852 271 2914 que
300 2828 371 2894 et
361 2851 397 2892 ιι
422 2830 536 2892 nostro
559 2825 681 2910 populo
705 2823 769 2888 ιι
759 2846 795 2887 ιιι
818 2824 933 2890 ceteris
957 2824 1091 2890 deorum
1114 2826 1225 2890 cultus

207 2917 467 3016 religionumque
500 2914 690 2979 sanctitates
724 2911 923 2976 exsistunt
913 2933 949 2976 ιι
981 2913 1048 2977 dies
1079 2913 1224 2979 maiores

174 3020 190 3068 ι
209 3008 307 3088 atque
330 3003 490 3087 meliores,
513 3001 609 3086 idque
628 3000 736 3066 evenit
752 3021 820 3065 non
837 3003 959 3066 temere
977 3022 1036 3067 nec
1055 3023 1142 3086 casu,
1167 3001 1225 3067 scd

209 3091 296 3177 quod
319 3095 352 3156 et
374 3093 562 3175 praesentes
586 3111 682 3173 saepe
706 3088 739 3152 di
764 3088 831 3154 vim
855 3110 947 3154 suam
971 3089 1152 3174 declarant,
1188 3094 1226 3156 ιιι
1239 3107 1260 3145 ³⁰

207 3178 351 3264 etapud
368 3177 535 3264 Regillum
557 3177 645 3242 bello
663 3175 864 3261 Latinorum,
887 3200 960 3243 cum
979 3176 1019 3243 A.
1032 3141 1226 3244 Postumius

208 3267 349 3332 (ιιιιιιοι
371 3288 445 3331 cum
463 3265 598 3331 Octavio
612 3264 760 3330 Mamilio
773 3264 958 3332 Tusculano
979 3265 1107 3351 proelio
1133 3264 1227 3332 dimi·

209 3358 309 3439 caret,
336 3353 371 3418 in
397 3358 512 3420 nostra
539 3352 607 3418 acie
630 3350 749 3419 Castor
776 3357 809 3418 et
794 3353 950 3419 tPollux
977 3375 1017 3418 ex
1045 3354 1138 3439 equis
1165 3379 1226 3441 pu-

209 3464 309 3531 gnare
334 3440 397 3508 visi
420 3445 509 3526 sunt,
537 3445 571 3506 et
592 3440 770 3506 recentiore
792 3441 949 3509 memoria
971 3441 1071 3508 iidem
1094 3442 1224 3530 Tynda-
