2578 3874
202 149 270 212 404
599 150 647 204 DE
667 150 823 208 LEGIBUS

450 437 498 512 M.
528 437 964 512 retruderemus

387 612 434 710 D
463 613 505 710 Ε
583 613 624 712 L
652 611 769 710 lle
794 613 821 710 Ι
848 613 890 710 Β
917 613 965 712 U
992 611 1026 711 S

497 807 635 870 LIBER
663 807 915 869 SECUNDUS.

651 966 759 976 -ι--ι

558 1090 855 1152 ARGUMENTUM.

273 1225 342 1280 Cum
359 1224 402 1278 ius
422 1241 503 1278 omne
519 1223 566 1279 vel
581 1222 709 1278 divinum
723 1222 761 1277 sit
773 1221 821 1278 vel
833 1223 996 1292 humanum,
1014 1223 1106 1279 divini
1119 1228 1216 1281 antem

237 1294 293 1349 'ma
309 1295 467 1350 necessario
487 1295 595 1349 debeat·
608 1311 669 1348 esse
688 1310 764 1362 eura,
782 1293 818 1348 ab
831 1293 887 1348 hoc
899 1294 1001 1349 merito
1015 1294 1133 1350 initium
1147 1297 1217 1351 fecit

227 1366 300 1421 'ero
325 1367 470 1435 totamque
495 1363 703 1434 religionem
727 1365 782 1419 hoc
806 1363 880 1419 libro
904 1365 1060 1420 constituit
1098 1367 1217 1438 Repetit

200 1438 296 1492 autem
315 1435 535 1506 disputationem
553 1435 589 1490 ab
608 1437 722 1490 aeterne
739 1434 791 1489 illa
809 1436 839 1489 εὴ
857 1453 965 1490 summa
983 1435 1060 1504 lege,
1080 1454 1154 1506 quae
1173 1440 1217 1492 est

199 1507 275 1562 ratio
289 1507 386 1562 divina
399 1509 428 1561 et
441 1507 570 1572 humane,
585 1508 653 1576 apte
666 1505 703 1559 ad
716 1505 869 1560 rotundum
883 1507 912 1560 et
925 1505 1079 1560 iubendum
1094 1511 1167 1578 (cap.
1178 1512 1214 1579 4).

200 1576 310 1632 Deinde
339 1577 430 1648 ipsam
456 1577 591 1648 proponit
613 1576 706 1646 legem
732 1593 747 1630 e
771 1575 882 1645 legibus
904 1575 1013 1631 Numae
1037 1580 1066 1631 et
1088 1579 1215 1633 moribus

200 1646 334 1702 Romanis
354 1648 466 1702 ductam
486 1653 556 1718 (cap.
577 1654 607 1714 8,
626 1654 654 1716 9)
672 1647 826 1717 praemisso
844 1646 989 1716 prooemio
1008 1647 1042 1702 de
1061 1647 1136 1717 legis
1155 1650 1214 1704 lau-

201 1718 284 1774 dibus
302 1718 393 1788 iisque
412 1717 534 1789 propriis
553 1717 664 1788 generis
683 1717 727 1772 sui
745 1722 816 1787 (cap.
832 1723 867 1785 l).
900 1717 1021 1786 Reliqua
1038 1720 1135 1774 autem
1149 1737 1214 1790 pars

200 1789 267 1846 libri
288 1791 417 1844 versetur
439 1788 469 1842 in
492 1788 548 1843 ista
570 1788 633 1858 lege
657 1787 824 1858 explicanda
846 1788 876 1841 et
894 1788 975 1856 quasi
993 1789 1151 1858 suadenda,
1174 1794 1214 1856 ut,

201 1859 302 1928 quibus
320 1859 356 1914 de
375 1859 467 1914 causis
486 1875 611 1929 quaeque
630 1858 702 1928 legis
719 1875 785 1928 pars
799 1858 942 1928 probetur,
960 1858 1154 1929 intellegatur.
1182 1863 1214 1916 Iu

201 1946 256 1998 quo
279 1946 337 1985 non
355 1930 446 1984 solum
463 1929 611 1984 Platonem
629 1929 757 1998 aliosque
775 1927 897 1982 Graecos
915 1926 1102 1999 philosophos
1120 1929 1214 1985 imite-

200 2002 255 2067 tur,
274 2000 323 2069 qui
341 2000 376 2054 de
393 1999 504 2070 legibus
523 1999 696 2069 scripserunt
713 2001 749 2067 (v.
764 1998 814 2052 lib.
829 1999 870 2052 ΙΠ
884 2015 944 2068 cap.
959 2004 986 2068 b,
1005 2005 1041 2068 6),
1061 2000 1213 2056 sedetiam

201 2070 433 2126 consuetudinem
445 2071 661 2140 magistratuum
675 2069 873 2136 Romanorum,
911 2069 942 2124 ui
955 2069 985 2124 in
998 2069 1110 2139 legibue
1124 2071 1214 2128 feren-

201 2140 246 2195 dis
263 2141 451 2212 rogandisque
464 2141 586 2212 primum
599 2141 635 2195 de
648 2139 780 2194 universa
792 2088 984 2210 legumioude
999 2142 1029 2195 et
1042 2142 1212 2197 necessitate

200 2212 307 2280 dicere,
335 2211 437 2266 deinde
465 2227 482 2264 a
508 2226 648 2282 praecone
673 2209 765 2264 scribe
789 2208 945 2266 subiciente
969 2210 1085 2265 recitari
1110 2212 1212 2283 legem,

199 2286 273 2350 tum,
300 2283 349 2337 ubi
376 2282 516 2349 docendo,
545 2281 712 2352 explicando
737 2279 947 2350 rationibusque
970 2281 1131 2336 adferendis
1151 2299 1214 2338 eam

201 2354 354 2418 suaserant,
373 2353 510 2423 populum
529 2352 673 2407 discedere
692 2352 722 2406 et
739 2350 814 2406 datis
832 2351 947 2406 tabellis
964 2351 995 2406 in
1009 2368 1060 2407 sue
1073 2369 1212 2423 quemque

198 2424 275 2479 tribu
294 2423 456 2494 suffragium
470 2423 543 2478 ferre
556 2422 652 2478 iubere
667 2424 871 2476 consueverant
883 2421 945 2492 (lib.
959 2422 1001 2478 IlI
1014 2438 1075 2493 cap.
1089 2430 1109 2478 4
1122 2427 1205 2495 extr.)

160 2644 189 2770 ξ’
265 2673 405 2740 Amicos.
433 2669 496 2737 Sed
519 2672 619 2755 visne,
643 2672 797 2755 quoniam
820 2675 853 2736 et
877 2671 958 2736 satis
980 2671 1047 2737 iam
1066 2673 1214 2738 ambula·

199 2767 270 2825 tum
298 2764 348 2826 est
376 2763 409 2825 et
435 2760 498 2824 tibi
524 2759 612 2824 aliud
635 2759 761 2825 dicendi
783 2759 914 2825 initium
937 2761 1130 2825 sumendum
1154 2767 1213 2845 est,

198 2850 306 2914 locum
337 2851 501 2914 mutemus
534 2851 567 2912 εὴ
598 2848 633 2912 in
662 2848 784 2931 insula,
816 2869 899 2932 quae
931 2852 982 2912 est
1008 2848 1044 2912 in
1070 2847 1214 2915 Fibreno

199 2935 303 3023 (nam,
332 2936 461 3021 opinor,
491 2938 526 3007 id
550 2936 601 3000 illi
628 2937 724 3001 alteri
751 2937 877 3001 flumini
899 2957 1018 3001 nomen
1040 2937 1120 3022 est),
1148 2958 1214 3003 ser·
1276 2985 1277 2998 ,

198 3025 288 3090 moni
314 3025 440 3108 reliquo
465 3024 576 3089 demus
599 3046 733 3109 operam
756 3024 926 3089 sedentes?
963 3025 1011 3090 M.
1034 3021 1119 3090 Sene
1144 3028 1237 3111 qui-s

199 3113 286 3197 dem3
312 3134 389 3176 nam
415 3113 474 3177 illo
502 3113 574 3178 loco
599 3112 815 3177 libentissime
838 3112 927 3178 soleo
950 3113 1013 3196 uti,
1041 3112 1110 3178 sive
1134 3115 1213 3198 quid
1276 3179 1277 3182 ,

164 3213 180 3262 2
200 3222 327 3266 mecum
343 3199 414 3284 ipse
427 3201 537 3287 cogito
552 3201 620 3265 sive
636 3202 720 3281 [aut]
736 3199 813 3284 quid
828 3201 934 3266 scribo
949 3206 1006 3265 aut
1020 3201 1104 3286 lego.
1134 3204 1212 3269 Arr.
1276 3193 1277 3236 ³

198 3286 370 3371 Equidem,
399 3288 455 3372 qui
480 3309 566 3354 nuno
592 3289 801 3373 potissimum
823 3288 887 3354 huc
909 3289 1068 3372 venerim,
1096 3290 1212 3355 satiari

198 3395 264 3438 non
283 3394 365 3456 queo
384 3375 638 3460 magnificasque
655 3376 752 3440 villas
772 3379 805 3440 et
822 3376 1011 3459 parimente
1027 3398 1211 3443 marmorea

200 3464 233 3525 et
263 3460 415 3543 laqueata
445 3466 533 3527 tecta
564 3467 749 3544 oontemn03
786 3463 901 3527 ductus
933 3485 1010 3528 vero
1043 3485 1210 3550 aquarum,
1224 3483 1247 3522 1⁰
