2596 3882
202 170 267 236 326
560 168 610 222 DE
627 167 676 222 RE
694 167 850 224 PUBLIOA

201 315 402 381 Aventinum
430 312 608 399 oooupevit.
653 311 703 378 Ao
728 334 770 378 ne
795 311 937 398 Lycurgi
964 311 1094 397 quidem
1123 310 1212 377 disei-

201 403 294 488 plina
320 403 426 468 tenuit
452 403 527 467 illos
554 401 591 465 in
612 399 800 466 hominibus
824 400 956 465 Graecis
982 400 1107 484 frenos3
1137 421 1216 464 uam

202 491 302 558 etiam
328 489 465 577 Spartae
492 491 651 575 regnante
673 488 885 574 Theopompo
913 492 990 553 sunt
1015 488 1096 552 item
1124 487 1217 572 quin·

202 601 279 665 que,
311 601 392 665 quos
422 578 474 643 illi
505 577 670 662 ephoros
702 578 885 662 appellant,
916 577 952 642 in
977 574 1076 642 Orets
1103 579 1217 640 autem

202 668 326 753 desem,
357 667 414 752 qui
445 686 596 732 cosmoe
610 705 612 708 -
628 669 799 748 vocantur,
830 668 868 730 ut
899 669 1015 730 eontra
1043 664 1216 730 oonsulare
1243 679 1255 719 ⁶

201 784 230 836 p.
250 758 315 838 191]
338 754 511 840 imperium
537 753 663 818 tribuni
689 753 749 839 pl.,
775 753 822 819 sio
844 753 896 818 illi
917 757 1033 819 eontra
1054 751 1216 836 11111111η

203 845 291 930 giam
315 842 494 910 constituti.

149 919 193 984 34
268 930 421 1015 †Fuerat
442 929 582 996 fortasse
605 929 717 1013 aliqua
733 929 820 995 ratio
841 928 1020 994 maioribus
1037 927 1162 994 nostris
1180 927 1217 994 in

148 997 183 1046 ⁶⁹
201 1020 261 1085 illo
288 1041 362 1085 aere
386 1019 492 1084 alieno
515 1018 676 1100 medendi,
704 1040 787 1102 quae
807 1039 913 1102 neque
936 1014 1090 1082 Solonem
1113 1016 1216 1081 Athe

200 1108 347 1173 niensem
377 1128 444 1172 non
473 1107 583 1192 longis
614 1106 816 1191 temporibus
848 1108 925 1170 ante
950 1104 1082 1192 fugerat
1108 1126 1214 1189 neque
1229 1123 1254 1162 ιο

201 1199 278 1281 post
305 1196 475 1279 aliquanto
501 1199 652 1259 nostrum
679 1198 843 1278 senatum,
874 1216 947 1259 oum
975 1196 1052 1258 sunt
1078 1197 1216 1278 propter
1279 1257 1280 1280 ÷

201 1284 297 1349 unius
325 1283 495 1357 libidinem
524 1283 633 1348 omnia
659 1303 743 1346 nexa
770 1282 889 1347 civium
916 1282 1058 1346 liberato
1079 1281 1217 1347 nectier·
1279 1303 1280 1312 ¹

201 1393 264 1456 que
287 1375 402 1456 postea
424 1371 578 1454 desitum3
601 1392 792 1455 semperque
814 1370 890 1435 huie
913 1369 1034 1456 generi,
1057 1392 1131 1436 eum
1148 1371 1218 1456 ple

201 1489 229 1540 p.
250 1463 315 1542 192]
338 1461 396 1525 bes
419 1459 551 1545 publiea
573 1459 759 1524 calamitate
781 1458 943 1544 inpendiis
962 1455 1145 1544 delbilitata
1162 1459 1218 1523 de·

201 1550 326 1632 fioeret,
362 1547 479 1614 salutis
515 1547 661 1612 omnium
692 1567 791 1612 eausa
822 1547 933 1631 aliqua
964 1547 1149 1612 sublevatio
1183 1550 1281 1634 et1e3

202 1637 361 1702 medicina
384 1636 533 1721 quaesito
551 1639 610 1700 est.
646 1633 717 1710 Quo
736 1638 808 1699 tum
827 1635 963 1700 oonsilio
981 1635 1218 1720 praetermisso
1280 1659 1281 1674 ¹

201 1747 301 1790 eausa
323 1725 446 1810 populo
468 1726 548 1789 nats
570 1725 630 1806 est,
653 1723 779 1788 duobus
802 1723 942 1788 tribunis
965 1724 1072 1808 plebis
1091 1743 1150 1808 per
1169 1745 1218 1788 se

123 1855 126 1861 ,
201 1813 360 1878 ditionem
388 1812 506 1877 creatis
528 1814 566 1876 ut
588 1812 737 1895 potentia
760 1815 891 1875 senatus
916 1815 1013 1896 atque
1036 1812 1219 1877 auotoritas

203 1901 415 1984 minueretur;
443 1922 525 1984 quae
552 1903 664 1964 tamen
692 1899 802 1985 gravis
826 1904 859 1964 et
881 1921 1002 1986 magna
1024 1901 1220 1965 remanebat
1281 1955 1282 1962 ,

201 1988 453 2074 sapientissimis
476 1991 510 2053 et
531 1987 720 2052 fortissimis
743 1991 777 2052 et
800 1987 899 2053 armis
923 1992 956 2053 et
979 1988 1117 2053 oonsilio
1140 1988 1219 2053 eivi-
1232 2005 1255 2044 10
1281 2049 1282 2060 ,

201 2106 230 2157 p.
250 2080 315 2158 129]
343 2080 447 2142 tatem
478 2075 660 2159 tuentibus,
692 2096 829 2159 quorum
859 2073 1047 2162 auotolritas
1074 2077 1219 2142 maxime
1281 2073 1282 2084 i

201 2166 349 2249 florebat,
372 2164 468 2249 quod,
490 2186 564 2230 oum
580 2162 705 2229 honore
722 2165 821 2249 louge
840 2165 1072 2229 antecellerent
1089 2166 1219 2251 esteris,

201 2253 427 2339 voluptatibus
451 2255 545 2318 eraut
566 2251 736 2317 inferiores
758 2273 818 2317 neo
836 2253 980 2337 pecuniis
998 2252 1101 2318 ferme
1120 2274 1219 2339 supe-

202 2343 319 2426 riores3
342 2362 444 2426 eoque
467 2343 539 2405 erat
561 2341 716 2424 cuiusque
739 2339 865 2425 gratior
887 2341 979 2405 inre
1002 2341 1135 2426 publiea
1154 2342 1219 2406 vir-

201 2435 270 2516 tus,
302 2429 389 2514 quod
419 2429 455 2494 in
484 2429 582 2493 rebus
614 2428 752 2514 privatis
784 2428 1034 2515 diligentissime
1066 2429 1219 2516 singulos
1233 2446 1256 2486 2⁵

202 2518 289 2584 cives
312 2539 420 2603 opera,
443 2516 590 2601 oonsilio,
612 2539 648 2580 re
670 2517 855 2582 tuebantur.

149 2584 193 2650 35
269 2604 340 2681 Quo
369 2605 405 2669 in
435 2608 525 2670 statu
553 2604 600 2670 rei
626 2605 777 2690 publicae
801 2601 856 2690 Sp.
879 2604 1028 2671 Cassium
1058 2605 1097 2671 de
1125 2627 1220 2672 oeou·

149 2663 183 2712 60
202 2695 310 2780 pando
332 2715 434 2779 regno
457 2693 655 2776 molientem,
678 2714 807 2758 summa
825 2694 912 2778 apud
929 2695 1087 2779 populum
1106 2696 1220 2780 gratia

201 2812 228 2864 p.
254 2784 320 2864 130]
352 2781 536 2865 florentem,
568 2785 723 2865 quaestor
750 2782 755 2864 Ι
784 2783 962 2866 accusavit,
996 2804 1147 2868 eumque,
1180 2787 1221 2847 ut

202 2871 353 2954 audistis,
386 2891 460 2935 eum
490 2873 585 2954 pater
615 2869 651 2933 in
682 2891 721 2934 ea
748 2871 843 2955 eulpa
869 2891 940 2934 esse
966 2871 1152 2956 conperisse
1182 2893 1220 2937 se
1234 2887 1258 2928 ⁸⁰

201 2959 350 3041 dixisset,
377 2957 510 3024 eedente
532 2958 654 3043 populo
678 2961 783 3023 morte
806 2958 971 3023 mactavit.
1013 2957 1236 3044 Gratamque

202 3047 302 3112 etiam
328 3047 421 3111 illam
449 3045 557 3131 legem
584 3050 701 3130 quarto
729 3045 857 3112 oiroiter
884 3051 917 3111 et
945 3047 1219 3134 quinquagesimo

202 3157 287 3200 anno
320 3139 396 3219 post
423 3134 547 3219 primos
574 3134 723 3199 eonsules
752 3134 790 3199 de
817 3136 923 3200 multa
949 3139 983 3199 et
1010 3141 1219 3202 sacramento

202 3221 256 3308 Sp.
279 3222 437 3306 Tarpeius
465 3225 499 3286 et
520 3220 560 3287 A.
583 3221 738 3287 Aternius
765 3223 914 3289 eonsules
942 3224 1082 3289 eomitiis
1105 3228 1219 3290 eentu-

203 3311 297 3375 ristis
320 3310 476 3374 tulerunt.
516 3308 621 3374 Annis
644 3313 760 3395 postea
782 3329 831 3375 xx
854 3333 894 3375 ex
916 3333 964 3394 eo,
987 3311 1074 3396 quod
1095 3310 1132 3376 L.
1155 3311 1219 3378 Pa·
1233 3329 1261 3370 ⁸⁵

202 3425 229 3477 p.
245 3400 293 3478 41]
315 3397 419 3481 pirius
438 3396 474 3462 P.
491 3396 642 3461 Pinarius
665 3395 822 3484 oensolres
846 3399 959 3463 multis
982 3399 1125 3465 dicendis
1146 3401 1219 3466 vim

202 3489 425 3550 armentorum
454 3507 473 3548 a
497 3485 634 3569 privetis
657 3485 693 3549 in
714 3486 881 3570 publioum
904 3490 1104 3568 averterant,
1130 3487 1217 3555 levis
