2610 3894
349 107 417 165 LIB.
436 108 471 164 Π.
492 107 568 164 ΟΑΡ.
588 112 702 164 49-52.
722 113 737 174 ἓ
756 113 905 165 rao-130.
1090 109 1134 174 93

114 253 252 340 pareat?
304 251 392 317 Nam
428 252 570 337 primum
603 251 687 316 aliae
718 273 838 336 mares,
876 251 960 317 aliae
991 252 1132 318 feminae

117 346 205 426 sunt,
237 341 324 425 quod
346 341 576 427 perpetuitatis
600 362 699 406 causa
721 340 909 406 machinata
931 344 1051 406 natura
1073 345 1133 426 est,
1197 367 1199 372 ·

117 430 231 496 deinde
254 433 366 514 partes
390 430 535 514 corporis
559 433 593 494 et
615 429 657 495 ad
679 429 916 514 procreandum
939 433 973 494 et
996 429 1038 494 ad
1061 451 1134 495 con-

117 517 302 604 cipiendum
330 517 533 603 aptissimae,
561 521 595 583 et
621 517 657 582 in
679 539 769 582 mare
792 517 882 582 etin
904 517 1027 582 femina
1050 539 1135 583 oom-

90 605 357 672 miscendorum
385 628 559 691 corporum
582 606 683 671 mirae
707 605 868 671 libidines.
914 604 997 672 Cum
1025 609 1135 671 autem

117 697 152 760 in
179 695 262 760 locis
291 715 403 760 semen
429 695 563 777 insedit,
590 695 679 779 rapit
707 716 839 760 omnem
864 694 933 759 fere
963 694 1071 759 cibum
1094 695 1136 760 ad

118 805 189 848 sese
213 804 316 868 eoque
340 787 489 868 saeptum
509 783 762 868 fingitanima13
785 782 872 867 quod
891 805 965 848 cum
984 804 1022 847 ex
1041 787 1135 848 utero

117 873 268 957 elapsum
292 872 423 955 excidit,
448 871 484 936 in
506 871 547 936 iis
571 871 807 955 animantibus,
831 893 914 955 quae
937 872 1023 936 lacte
1046 871 1136 936 alun-

116 965 186 1044 tur,
216 959 322 1025 omnis
350 959 419 1025 lere
447 959 537 1025 cibus
566 963 708 1024 matrum
731 960 907 1025 lactescere
929 959 1058 1045 incipit,
1086 981 1137 1024 ea

77 1067 105 1106 ιο
119 1070 196 1134 que,
226 1069 309 1133 quae
336 1048 434 1132 paulo
464 1051 540 1113 ante
562 1051 642 1113 nata
665 1051 755 1132 sunt,
778 1047 849 1113 sine
871 1048 1033 1133 magistro
1057 1048 1137 1113 duce

117 1141 239 1203 natura
275 1157 436 1202 mammas
469 1139 629 1221 appetunt
661 1158 836 1220 earumque
867 1136 1019 1201 ubertate
1051 1140 1138 1201 satu·

117 1229 244 1292 rantur.
286 1223 396 1309 Atque
419 1226 457 1289 ut
479 1224 711 1309 intellegamus
733 1225 817 1289 nihil
839 1222 957 1288 horum
980 1245 1051 1289 esse
1073 1224 1138 1290 for-

116 1313 251 1397 tuitum,
270 1317 303 1378 et
321 1313 401 1378 haec
420 1313 531 1377 omnia
549 1334 620 1377 esse
641 1334 740 1397 opera
758 1312 913 1397 providae
928 1313 1137 1397 sollertisque

117 1405 267 1486 nunnae,
291 1423 373 1486 quae
396 1401 595 1486 multiplices
617 1400 704 1466 fetus
727 1404 910 1486 procreant,
933 1403 970 1466 ut
994 1423 1077 1486 sues,
1100 1405 1138 1466 ut

78 1508 104 1549 1⁵
119 1511 231 1575 canes,
259 1489 300 1554 iis
328 1511 545 1555 mammarum
570 1489 649 1554 data
672 1492 723 1553 est
746 1489 937 1573 multitudo,
965 1511 1046 1573 quas
1070 1511 1138 1554 eas·

119 1579 195 1644 dem
217 1600 339 1663 paucas
354 1579 486 1663 'habent
509 1599 566 1643 eae
588 1577 728 1661 bestiae,
755 1600 838 1661 quae
860 1599 965 1662 pauca
988 1577 1138 1664 gignunt.

119 1666 206 1743 Quid
227 1667 341 1750 dicam,
366 1671 506 1750 quantus
526 1687 619 1731 arnor
637 1666 817 1730 bestiarum
836 1665 880 1730 sit
897 1666 932 1730 in
951 1666 1125 1732 educandis
1141 1683 1193 1732 129

119 1755 405 1839 custodiendisque
423 1755 473 1839 iis,
497 1777 580 1840 quae
598 1757 860 1839 procreaverunt,
882 1776 985 1837 usque
1005 1754 1045 1819 ad
1065 1776 1140 1819 eum

118 1845 230 1927 finem,
253 1844 330 1908 dum
352 1843 482 1928 possint
505 1864 540 1908 se
562 1843 636 1928 ipsa
659 1842 850 1908 defendere?
879 1843 942 1907 etsi
965 1841 1080 1927 pisces,
1102 1847 1140 1909 ut

78 1952 107 1992 so
121 1933 224 2016 aiunt,
249 1953 311 1996 ova
329 1954 402 1997 curn
421 1935 612 2018 genuerunt,
634 1931 834 2017 relinquunt3
857 1930 953 1996 facile
977 1931 1063 1996 enim
1080 1932 1142 1996 illa

121 2043 208 2105 aqua
243 2023 276 2084 et
309 2020 513 2085 sustinentur
545 2024 578 2084 et
610 2018 715 2086 fetum
746 2019 895 2084 fundunt.
945 2019 1194 2088 Testudines52

121 2112 234 2174 autem
257 2111 290 2172 et
313 2108 492 2174 crocodilos
517 2108 636 2193 dicunt,
659 2131 733 2174 cum
755 2107 792 2172 in
813 2111 903 2174 terra
924 2112 1058 2193 partum
1076 2108 1141 2174 edi·

120 2197 239 2276 derint,
263 2196 399 2262 obruere
418 2219 489 2282 ova,
512 2197 625 2264 deinde
644 2196 821 2281 discedere,
843 2197 892 2261 ita
911 2201 944 2260 et
961 2200 1141 2263 nascuntur

121 2289 157 2351 et
189 2286 367 2351 educantur
397 2285 471 2370 ipsa
502 2307 561 2370 per
592 2307 671 2350 sese.
719 2284 791 2350 lam
824 2285 967 2370 gallinae
1000 2306 1141 2368 avesque

79 2389 108 2433 25
122 2373 270 2457 reliquae
293 2376 327 2438 et
350 2373 496 2458 quietum
518 2373 689 2458 requirunt
711 2373 753 2438 ad
769 2373 961 2459 pariendum
980 2373 1089 2438 locum
1108 2376 1142 2436 et

122 2461 245 2528 cubilia
268 2461 331 2526 sibi
353 2462 512 2545 nidosque
534 2465 728 2527 construunt
746 2482 865 2545 eosque
885 2483 984 2545 quam
1001 2464 1142 2547 possunt

122 2549 329 2616 mollissume
357 2550 581 2634 substernunt,
611 2553 649 2615 ut
676 2571 775 2634 quam
801 2549 981 2614 facillume·
992 2570 1055 2614 ova
1078 2570 1142 2612 ser-

122 2642 255 2721 ventur,
283 2660 300 2702 e
325 2639 442 2728 quibus
465 2639 573 2723 pullos
597 2660 670 2704 cum
693 2637 903 2721 excuderunt,
926 2637 976 2701 ita
998 2639 1141 2719 tuentur,

122 2730 162 2792 ut
185 2729 220 2791 et
242 2727 351 2812 pinnis
374 2726 521 2811 foveant,
548 2747 589 2791 ne
611 2726 655 2791 fri
680 2747 735 2791 ore
758 2726 944 2809 laedantur,
969 2728 1015 2809 ct,
1039 2723 1068 2789 si
1091 2730 1142 2790 est

82 2833 110 2874 ³0
123 2815 216 2881 calor
239 2837 259 2880 a
281 2816 359 2899 sole,
383 2837 417 2880 se
441 2818 618 2901 opponant.
655 2748 739 2881 {um
762 2817 871 2878 autem
894 2813 978 2898 pulli
996 2812 1141 2898 pinnulis

123 2903 175 2969 uti
196 2907 344 2988 possunt,
367 2907 438 2968 tum
461 2904 592 2968 volatus
615 2925 728 2968 eorum
751 2906 874 2967 matres
892 2905 1142 2987 prosequuntur,

123 2992 253 3077 reliqua
284 3013 362 3056 cura
393 2992 583 3056 liberantur.
628 2991 764 3057 Accedit
796 2989 838 3055 ad
868 3011 935 3054 non
961 2990 1129 3056 nullorum
1145 3004 1196 3053 130

125 3079 343 3145 animantium
366 3083 399 3144 et
422 3101 533 3145 earum
555 3102 678 3165 rerum,
706 3099 787 3164 quas
810 3082 900 3143 terra
923 3078 1047 3165 gignit,
1070 3102 1143 3146 con-

125 3168 346 3234 servationem
379 3171 412 3232 et
440 3168 580 3233 salutem
606 3168 776 3233 hominurn
805 3167 904 3232 etiam
933 3167 1082 3233 sollertia
1110 3172 1143 3232 et

84 3273 111 3316 ro
126 3257 308 3342 diligentia.
353 3253 440 3320 Nam
467 3256 591 3321 multae
619 3260 653 3321 et
679 3255 818 3341 pecudes
847 3259 882 3320 et
909 3257 1028 3341 stirpes
1058 3260 1143 3341 sunt,

127 3367 210 3429 quae
229 3345 299 3410 sine
322 3343 551 3428 procuratione
573 3343 743 3410 hominum
766 3343 877 3408 salvae
896 3366 967 3409 esse
985 3366 1052 3408 non
1070 3366 1143 3429 pos-

126 3436 212 3498 sunt.
257 3431 397 3518 Magnae
424 3432 526 3497 etiam
554 3431 797 3517 oportunitates
825 3431 866 3498 ad
893 3433 1019 3499 cultum
1040 3431 1144 3498 homi·
1209 3457 1212 3466 ·
