2610 3894
189 164 252 229 128
500 161 549 216 DE
567 161 719 218 NATURA
737 161 892 217 DEORUM

186 331 259 374 cum
285 329 476 394 cognovero.
518 305 588 382 Quo
612 306 645 370 in
669 327 786 392 genere
809 307 861 372 vel
886 306 1025 371 maxime
1049 310 1099 371 est
1121 305 1201 371 For·

186 403 268 462 tuna
296 395 510 478 numeranda,
540 416 638 479 quam
665 416 760 459 nemo
788 394 829 460 ab
853 395 1074 459 inconstantia
1097 397 1132 473 et
1152 399 1200 459 te

66 537 70 544 .
187 488 338 550 meritate
370 486 533 568 seiunget,
564 505 646 566 quae
679 483 778 568 digna
809 486 895 548 certe
927 504 993 547 non
1025 486 1102 547 sunt
1129 482 1199 548 deo.

134 587 166 635 cr
186 573 257 638 Iam
284 594 361 638 vero
388 571 465 656 quid
488 591 547 635 vos
569 571 629 634 illa
652 570 792 635 delectat
815 571 988 655 explicatio
1010 570 1200 636 fabularum

6 657 11 662 ’
187 666 220 727 et
238 661 389 727 enodatio
407 659 598 725 nominum?
630 657 805 723 Exsectum
825 681 845 722 a
863 659 930 723 filio
947 656 1089 742 Caelum,
1112 660 1199 725 vinc-
1229 680 1244 720 5
1299 665 1300 738 j

186 755 257 816 tum
289 750 404 814 itidem
436 770 455 812 a
485 747 554 812 filio
586 744 774 830 Saturnum,
806 746 886 811 haec
914 750 947 811 et
974 747 1040 812 alia
1070 748 1199 833 generis

186 838 329 904 eiusdem
357 837 405 901 ita
428 835 612 919 defenditis,
640 838 678 899 ut
699 834 737 918 ii,
765 835 821 918 qui
843 835 909 898 ista
930 834 1106 917 finxerunt,
1133 857 1216 927 non·

186 927 282 991 modo
306 947 372 990 non
389 924 505 1007 insani,
528 923 584 988 sed
603 923 703 988 etiam
720 923 822 988 fuisse
841 923 1004 1008 sapientes
1018 923 1199 989 videantur.

186 1013 225 1078 In
249 1013 425 1078 enodandis
449 1016 558 1077 autem
580 1011 774 1096 nominibus,
798 1011 884 1095 quod
907 1011 1125 1076 miserandum
1146 1012 1199 1096 sit,

187 1101 355 1167 laboratis.
402 1099 574 1184 Saturnus
602 1100 679 1183 quia
706 1120 741 1164 se
769 1103 898 1164 saturat
921 1100 1028 1184 annis,
1057 1099 1199 1184 Mavors,
1213 1121 1244 1158 ιο

187 1191 265 1274 quia
296 1210 417 1274 magna
448 1189 561 1271 vertit,
592 1186 751 1272 Minerva,
784 1189 861 1271 quia
892 1187 1010 1252 minuit
1038 1192 1094 1252 aut
1123 1189 1200 1272 quia

187 1278 339 1362 minatur,
357 1276 477 1360 Venus,
497 1277 573 1361 quia
590 1276 680 1340 venit
699 1276 739 1340 ad
758 1277 876 1359 omnia,
895 1273 992 1342 Ceres
1011 1299 1031 1340 a
1049 1277 1200 1362 gerendo.

188 1365 292 1442 Quam
315 1365 496 1450 periculosa
519 1364 731 1429 consuetudo!
767 1362 808 1427 In
826 1363 939 1428 multis
958 1364 1044 1428 enim
1062 1365 1201 1429 nomini·

187 1455 249 1520 bus
281 1453 467 1518 haerebitis.
518 1451 601 1528 Quid
632 1451 747 1518 Veiovi
780 1451 893 1536 facies,
926 1453 1003 1536 quid
1028 1451 1200 1518 Volcano?

188 1563 397 1627 quamquam,
427 1541 580 1625 quoniam
602 1539 792 1626 Neptunum
819 1563 840 1605 a
866 1540 973 1605 nando
997 1542 1200 1626 appellatum
1215 1561 1243 1602 15

189 1634 296 1715 putas,
319 1630 446 1694 nullum
465 1629 528 1693 erit
545 1650 672 1712 nomen,
696 1629 781 1713 quod
799 1651 864 1694 non
883 1629 990 1713 possis
1009 1652 1074 1693 una
1087 1630 1201 1694 littera

189 1719 349 1803 explicare
378 1717 461 1783 unde
489 1717 620 1782 ductum
648 1717 704 1801 sit,
730 1717 766 1781 in
793 1739 857 1801 quo
880 1717 1010 1800 quidem
1033 1718 1202 1804 magistu

136 1819 170 1866 63
190 1807 271 1871 mihi
297 1809 411 1870 natare
434 1805 522 1870 visus
547 1827 580 1870 es
604 1827 702 1889 quam
724 1806 794 1890 ipse
817 1804 999 1890 Neptunus.
1043 1804 1201 1890 Magnam

189 1894 372 1960 molestiam
387 1895 529 1978 suscepit
544 1897 576 1958 et
590 1893 722 1958 minime
736 1893 952 1959 necessariam
965 1892 1090 1978 primus
1103 1894 1200 1978 Zen0,

188 1986 264 2068 post
292 1980 480 2064 Cleanthes,
511 1981 624 2046 deinde
652 1980 870 2067 Chrysippus,
900 1983 1201 2047 commenticiarum
1215 2003 1242 2042 ac

188 2070 372 2136 fabularum
400 2070 532 2134 reddere
554 2069 727 2153 rationem,
756 2070 1002 2154 vocabulorum,
1030 2092 1086 2135 cur
1110 2071 1201 2154 quid-

190 2181 251 2244 que
274 2159 322 2222 ita
345 2158 547 2242 appellatum
570 2159 629 2242 sit,
657 2180 770 2222 causas
795 2159 964 2243 explicare.
1010 2156 1103 2233 Quod
1127 2181 1201 2224 cum

190 2246 308 2330 facitis,
331 2245 413 2310 illud
435 2244 582 2331 profecto
606 2246 812 2330 confitemini,
836 2247 933 2332 longe
958 2246 1054 2310 aliter
1077 2269 1112 2312 se
1130 2269 1200 2312 rem

188 2335 323 2418 habere,
351 2338 448 2417 atque
471 2333 639 2398 hominum
662 2333 772 2419 opinio
797 2334 853 2418 sit,
881 2356 936 2400 eos
960 2335 1059 2419 enim,
1088 2335 1144 2418 qui
1168 2334 1201 2399 di
1299 2387 1300 2404 .

191 2423 407 2508 appellantur,
430 2443 539 2486 rerum
561 2426 695 2487 natmas
720 2443 798 2505 esse,
821 2445 887 2488 non
909 2423 1032 2508 figuras
1056 2423 1200 2490 deorum.
1214 2442 1240 2482 aa
1299 2433 1300 2478 i

136 2517 180 2582 25
192 2511 255 2587 Qui
278 2513 390 2576 tantus
414 2531 504 2574 error
526 2509 598 2594 fuit,
620 2514 657 2574 ut
680 2510 868 2595 perniciosis
892 2512 993 2576 etiam
1014 2511 1111 2575 rebus
1134 2533 1202 2576 non
1299 2539 1300 2542 ¹

188 2601 277 2665 modo
299 2620 418 2663 nomen
442 2597 574 2663 deorum
591 2598 799 2682 tribueretur,
822 2599 879 2664 sed
898 2600 997 2664 etiam
1016 2621 1202 2686 sacrancon-

190 2688 410 2753 stituerentur.
455 2685 569 2752 Febris
598 2687 683 2751 enim
705 2685 819 2752 fanum
841 2687 876 2762 in
898 2686 1026 2752 Palatio
1051 2691 1084 2752 et
1108 2687 1202 2754 Orbo-

188 2798 248 2842 aac
278 2778 322 2841 ud
350 2775 462 2841 aedem
488 2773 609 2839 Larum
636 2779 670 2839 et
699 2772 790 2841 aram
817 2774 924 2840 Malae
951 2775 1115 2841 Fortunae
1138 2775 1202 2842 Els-
1299 2839 1300 2844 ,

65 2869 69 2874 “
136 2877 171 2925 64
190 2865 298 2949 quiliis
332 2866 554 2928 consecratam
584 2862 738 2928 videmus.
793 2862 906 2928 Omnis
936 2864 1039 2950 igitur
1069 2864 1148 2929 talis
1182 2882 1240 2929 aso

189 2952 399 3037 philosophia
421 2951 564 3036 pellatur
587 2973 690 3034 error,
717 2955 767 3035 ut,
790 2973 864 3016 cum
887 2952 925 3016 de
949 2953 998 3017 dis
1020 2952 1201 3017 inmortali·
1299 3009 1300 3028 ,

189 3040 251 3105 bus
275 3041 484 3125 disputemus,
507 3039 651 3105 dicamus
669 3039 876 3126 indignans,
900 3040 938 3105 de
958 3041 1075 3124 quibus
1093 3040 1200 3106 habeo
1299 3039 1300 3120 ζ

189 3128 260 3212 ipse
288 3128 374 3212 quod
402 3128 554 3212 sentiam,
582 3149 648 3192 non
674 3128 779 3193 habco
808 3133 917 3193 autem
945 3129 1032 3214 quod
1058 3128 1120 3193 tibi
1148 3129 1202 3194 ad·
1299 3173 1300 3178 .

191 3214 322 3280 sentiar.
371 3214 561 3301 Neptunum
592 3237 661 3281 esse
692 3216 770 3280 dicis
801 3217 945 3281 animum
974 3239 1047 3282 cum
1074 3217 1202 3282 intelle·

190 3304 301 3388 gentia
323 3325 382 3389 per
404 3326 494 3369 mare
516 3304 741 3389 pertinentem,
764 3303 850 3369 idem
874 3305 913 3370 de
936 3302 1060 3370 Cerere.
1096 3303 1202 3370 Istam
1215 3320 1239 3362 a*

190 3393 300 3456 autem
322 3391 583 3479 intellegentiam
606 3397 663 3458 aut
685 3393 785 3457 maris
809 3396 867 3460 aut
890 3397 996 3458 terrae
1018 3413 1085 3458 non
1103 3394 1202 3458 modo

190 3479 461 3565 comprehendere
485 3480 608 3567 animo,
631 3481 687 3547 sed
709 3503 749 3546 ne
773 3481 956 3566 suspicione
981 3481 1110 3566 quidem
1127 3503 1203 3567 pos-
