2590 3880
362 137 430 194 ΗΒ.
449 137 471 194 1.
491 136 567 194 OAP.
589 143 701 195 15-17.
720 143 736 204 s
754 143 868 194 40-45.
1080 139 1122 202 19

109 283 196 367 quod
224 303 293 347 non
320 282 440 348 habeat
468 281 538 346 sine
561 282 710 347 doctrina
733 280 1000 367 anticipationem
1023 305 1123 367 quan·

110 372 185 436 dam
213 370 369 435 deorum?
403 392 500 455 quam
528 371 672 455 appellat
696 366 865 454 πρόληψιν
887 371 1062 455 Epicurus,
1088 371 1121 435 id

110 463 161 524 est
193 462 401 544 anteceptam
432 459 541 524 animo
573 459 622 523 rei
653 458 815 543 quandam
846 457 1123 542 informationem,

110 547 179 611 sinc
222 569 286 632 qua
324 569 383 612 nec
422 545 571 632 intellegi
613 547 785 631 quicquam
820 569 879 612 nec
917 547 1028 631 quaeri
1063 569 1123 612 nec

82 635 273 720 sdisputari
303 638 422 721 potest.
467 633 567 700 Cuius
599 635 736 700 rationis
768 634 836 700 vim
869 638 966 720 atque
998 636 1122 700 utilita-

109 729 178 788 tem
206 746 246 789 ex
271 723 331 789 illo
359 723 492 789 caelesti
514 722 648 807 Epicuri
672 723 710 787 de
733 723 848 809 regula
871 727 904 788 εὴ
926 723 1044 790 iudicio
1067 746 1168 838 vo-17

109 811 233 877 lumine
261 811 451 896 accepimus.
504 809 597 887 Quod
623 811 725 897 igitur
752 810 999 877 fundamentum
1025 812 1121 877 huius
1141 854 1176 902 44

110 899 312 986 quaestionis
345 902 410 984 est,
443 899 477 964 id
509 899 674 984 praeclare
705 899 827 964 iactum
859 900 985 965 videtis.
1040 899 1122 967 Cum

110 988 197 1053 enim
215 1009 283 1054 non
299 988 451 1053 instituto
471 988 582 1072 aliquo
601 990 657 1052 aut
675 1009 765 1052 more
784 991 841 1052 aut
859 988 933 1074 lege
952 989 997 1053 sit
1012 990 1122 1075 opi'nio

68 1095 96 1134 1⁰
110 1077 292 1143 constituta
305 1079 499 1161 maneatque
514 1075 555 1140 ad
568 1097 668 1140 unum
682 1076 827 1140 omnium
839 1075 935 1141 firma
945 1079 1123 1163 consensio,

108 1165 261 1250 intellegi
283 1186 413 1230 necesse
437 1167 487 1228 est
506 1185 576 1229 esse
595 1164 681 1247 deca,
704 1164 857 1247 quoniam
875 1165 991 1230 insitas
1011 1187 1123 1232 eorum

110 1253 162 1318 vel
181 1253 292 1338 potius
311 1253 440 1318 innatas
461 1252 664 1338 cognitiones
681 1251 854 1336 habemus3
872 1252 911 1318 de
930 1275 994 1338 quo
1013 1259 1123 1320 autem

110 1342 258 1408 omnium
280 1345 399 1406 natura
421 1341 596 1424 consentit,
621 1340 655 1404 id
676 1361 789 1404 verum
813 1361 883 1405 esse
905 1364 1036 1408 necesse
1060 1348 1124 1428 est,

109 1452 181 1496 esse
203 1429 307 1516 igitur
329 1429 406 1495 deos
429 1429 646 1494 confitendum
669 1432 727 1492 est.
764 1426 856 1503 Quod
880 1431 1033 1514 quoniam
1055 1432 1124 1498 fere

69 1533 96 1574 15
110 1520 242 1584 constat
264 1518 350 1582 inter
369 1517 474 1582 omnis
492 1539 558 1582 non
575 1516 790 1602 philosophos
809 1518 924 1603 solum,
948 1519 1124 1586 sedetiam

109 1606 272 1690 indoctoS,
309 1605 471 1671 fateamur
502 1608 652 1670 constare
681 1605 764 1670 illud
797 1605 909 1691 etiam,
946 1607 1030 1673 hanc
1062 1631 1122 1674 nos

109 1695 232 1759 habere
255 1693 324 1759 sive
348 1693 622 1778 anticipationem,
646 1697 683 1758 ut
706 1697 781 1758 ante
805 1693 880 1778 dixi,
903 1695 971 1760 sive
989 1718 1124 1781 praeno-

109 1783 234 1848 tionem
258 1782 391 1847 deorum
415 1780 507 1867 (sunt
529 1781 615 1847 enim
637 1781 734 1846 rebus
757 1782 851 1846 novis
870 1804 956 1848 nova
973 1785 1124 1870 ponenda

109 1871 253 1955 nomina,
276 1874 313 1935 ut
335 1870 495 1954 Epicurus
518 1869 589 1955 ipse
612 1865 781 1955 πρόληψιν
805 1871 998 1956 appellavit,
1025 1895 1122 1958 quam

68 1976 96 2016 20
111 1964 208 2025 antea
230 1979 325 2024 nemo
349 1981 386 2024 eo
409 1958 510 2023 verbo
532 1957 732 2042 nominarat)
747 1958 888 2024 -hanc
906 1958 1008 2046 igitur
1026 1962 1123 2027 habe·
1141 1975 1175 2024 45

110 2069 197 2131 mus,
229 2050 267 2112 ut
299 2047 376 2112 deos
407 2047 523 2112 beatos
551 2049 584 2111 ct
611 2046 801 2111 inmortales
828 2051 988 2133 putemus.
1034 2048 1122 2126 Quae

111 2136 198 2202 enim
234 2133 329 2200 nobis
366 2138 484 2200 natura
515 2133 779 2212 informationem
810 2134 957 2221 ipsorum
990 2137 1123 2204 deorum

111 2224 213 2308 dedit,
241 2223 353 2288 eadem
375 2222 549 2309 insculpsit
570 2223 605 2287 in
628 2223 805 2308 mentibus,
832 2228 871 2288 ut
894 2247 948 2291 eos
973 2231 1122 2292 aeternos

111 2317 144 2378 εὴ
166 2313 282 2378 beatos
304 2312 508 2377 haberemus.
553 2310 646 2386 Quod
668 2311 697 2375 si
719 2311 768 2376 ita
791 2316 854 2397 est,
877 2335 952 2379 vere
975 2315 1123 2400 exposita

69 2417 97 2458 25
110 2403 170 2466 illa
194 2399 356 2466 sententia
379 2404 430 2465 est
452 2401 494 2465 ab
511 2398 663 2485 Epicure,
686 2399 772 2484 quod
789 2401 924 2466 beatum
942 2406 1123 2468 aeternum·

111 2511 173 2574 que
202 2489 260 2573 sit,
291 2488 325 2552 id
351 2510 410 2554 nec
437 2487 557 2552 habere
584 2487 692 2573 ipsum
719 2489 845 2575 negotii
868 2489 1041 2574 quicquam
1063 2513 1123 2556 nec

111 2577 263 2642 exhibere
287 2577 396 2660 alteri,
418 2576 529 2661 itaque
552 2597 656 2660 neque
678 2576 728 2641 ira
749 2599 853 2662 neque
877 2579 986 2664 gratia
1008 2580 1123 2664 teneri,

110 2666 212 2751 quod,
241 2686 324 2749 quae
351 2664 433 2729 talia
457 2667 578 2748 essent,
604 2665 769 2730 imbecilla
792 2669 901 2731 essent
924 2665 1042 2731 omnia.
1088 2665 1124 2732 Si

109 2755 194 2820 nihil
222 2754 311 2821 aliud
338 2775 578 2838 quaereremus,
609 2753 673 2817 nisi
698 2757 737 2818 ut
764 2753 841 2818 deos
867 2753 920 2838 pie
943 2755 1122 2820 coleremus

68 2861 97 2900 ³0
110 2847 144 2908 εὴ
176 2846 214 2906 ut
247 2841 477 2927 superstitione
509 2841 737 2925 liberaremur,
770 2842 850 2907 satis
883 2846 954 2907 erat
986 2842 1123 2928 dictum3

109 2953 187 2997 nam
220 2933 254 2995 et
284 2934 455 3016 praestans
488 2928 620 2994 deorum
652 2933 769 2994 natura
799 2929 968 2995 hominum
999 2930 1123 3017 pietate

110 3020 286 3102 coleretur,
315 3040 387 3083 cum
415 3021 448 3083 et
476 3020 608 3083 aeterna
630 3021 717 3083 esset
740 3020 773 3082 et
794 3017 985 3084 beatissima
1008 3017 1123 3106 (habet

110 3108 198 3172 enim
220 3107 462 3172 venerationem
484 3106 618 3190 iustam,
647 3106 798 3191 quicquid
821 3105 979 3192 excellit),
1002 3112 1036 3174 et
1058 3131 1123 3174 me·

110 3200 164 3261 tus
189 3194 295 3260 omnis
319 3217 339 3260 a
360 3195 394 3260 vi
417 3198 514 3279 atque
536 3195 587 3258 ira
610 3194 743 3260 deorum
764 3195 878 3280 pulsus
901 3200 1001 3281 esset3
1028 3197 1123 3262 intel-

70 3284 234 3371 relegitur
265 3282 352 3349 enim
383 3305 403 3348 a
433 3283 531 3349 beata
562 3283 794 3368 inmortalique
825 3287 944 3350 natura
979 3288 1013 3350 et
1039 3285 1123 3350 iram

110 3376 145 3438 et
168 3371 311 3458 gratiam
334 3371 514 3458 segregari3
538 3371 655 3456 quibus
676 3371 810 3437 remotis
828 3373 938 3438 nullos
958 3395 977 3438 a
996 3373 1122 3458 superis

109 3459 296 3547 impendere
328 3463 443 3525 metus.
492 3457 555 3524 Sed
587 3459 628 3524 ad
659 3459 743 3525 hanc
775 3461 1028 3527 confirmandam
1056 3461 1122 3545 opi-

871 3564 908 3620 2*
