<?xml version="1.0" encoding="UTF-8"?>
<!DOCTYPE html PUBLIC "-//W3C//DTD XHTML 1.0 Transitional//EN"
    "http://www.w3.org/TR/xhtml1/DTD/xhtml1-transitional.dtd">
<html xmlns="http://www.w3.org/1999/xhtml" xml:lang="en" lang="en">
 <head>
  <title>
</title>
<meta http-equiv="Content-Type" content="text/html;charset=utf-8" />
  <meta name='ocr-system' content='tesseract 3.04.00' />
  <meta name='ocr-capabilities' content='ocr_page ocr_carea ocr_par ocr_line ocrx_word'/>
</head>
<body>
  <div class='ocr_page' id='page_1' title='image "./scriptaquaemans02mullgoog_0078.png"; bbox 0 0 2590 3880; ppageno 0'>
   <div class='ocr_carea' id='block_1_1' title="bbox 356 111 1112 200">
    <p class='ocr_par' dir='ltr' id='par_1_1' title="bbox 356 111 1112 200">
     <span class='ocr_line' id='line_1_1' title="bbox 356 111 1112 200; baseline 0.016 -33"><span class='ocrx_word' id='word_1_1' title='bbox 356 111 424 170; x_wconf 75' lang='grc' dir='ltr'><strong>ΗΒ.</strong></span> <span class='ocrx_word' id='word_1_2' title='bbox 443 114 465 171; x_wconf 89' lang='lat'><strong>1.</strong></span> <span class='ocrx_word' id='word_1_3' title='bbox 485 113 695 200; x_wconf 54' lang='lat' dir='ltr'><strong>churz-ao.</strong></span> <span class='ocrx_word' id='word_1_4' title='bbox 715 119 730 180; x_wconf 74' lang='lat' dir='ltr'><strong>c</strong></span> <span class='ocrx_word' id='word_1_5' title='bbox 749 119 863 173; x_wconf 75' lang='lat' dir='ltr'><strong>ao-oe.</strong></span> <span class='ocrx_word' id='word_1_6' title='bbox 1071 114 1112 178; x_wconf 80' lang='lat'><strong>21</strong></span> 
     </span>
    </p>
   </div>
   <div class='ocr_carea' id='block_1_2' title="bbox 73 256 1253 3520">
    <p class='ocr_par' dir='ltr' id='par_1_2' title="bbox 73 256 1253 3520">
     <span class='ocr_line' id='line_1_2' title="bbox 107 256 1115 344; baseline 0.002 -22"><span class='ocrx_word' id='word_1_7' title='bbox 107 256 223 322; x_wconf 85' lang='lat' dir='ltr'><strong>existat</strong></span> <span class='ocrx_word' id='word_1_8' title='bbox 252 263 286 323; x_wconf 90' lang='lat' dir='ltr'><strong>et</strong></span> <span class='ocrx_word' id='word_1_9' title='bbox 307 257 350 322; x_wconf 85' lang='lat' dir='ltr'><strong>ad</strong></span> <span class='ocrx_word' id='word_1_10' title='bbox 371 279 431 324; x_wconf 92' lang='lat' dir='ltr'><strong>nos</strong></span> <span class='ocrx_word' id='word_1_11' title='bbox 455 257 590 342; x_wconf 87' lang='lat' dir='ltr'><strong>adfluat,</strong></span> <span class='ocrx_word' id='word_1_12' title='bbox 619 279 692 324; x_wconf 87' lang='lat' dir='ltr'><strong>cum</strong></span> <span class='ocrx_word' id='word_1_13' title='bbox 715 257 865 324; x_wconf 84' lang='lat' dir='ltr'><strong>maximis</strong></span> <span class='ocrx_word' id='word_1_14' title='bbox 887 257 1115 344; x_wconf 83' lang='lat' dir='ltr'><strong>voluptatibus</strong></span> 
     </span>
     <span class='ocr_line' id='line_1_3' title="bbox 105 343 1115 432; baseline 0.002 -22"><span class='ocrx_word' id='word_1_15' title='bbox 105 343 138 410; x_wconf 92' lang='lat' dir='ltr'><strong>in</strong></span> <span class='ocrx_word' id='word_1_16' title='bbox 159 367 214 410; x_wconf 90' lang='lat' dir='ltr'><strong>eas</strong></span> <span class='ocrx_word' id='word_1_17' title='bbox 232 345 393 430; x_wconf 78' lang='lat' dir='ltr'><strong>imagines</strong></span> <span class='ocrx_word' id='word_1_18' title='bbox 413 349 554 411; x_wconf 90' lang='lat' dir='ltr'><strong>mentem</strong></span> <span class='ocrx_word' id='word_1_19' title='bbox 573 347 734 411; x_wconf 75' lang='lat' dir='ltr'><strong>intentam</strong></span> <span class='ocrx_word' id='word_1_20' title='bbox 751 345 948 432; x_wconf 87' lang='lat' dir='ltr'><strong>infixamque</strong></span> <span class='ocrx_word' id='word_1_21' title='bbox 966 350 1115 412; x_wconf 88' lang='lat' dir='ltr'><strong>nostram</strong></span> 
     </span>
     <span class='ocr_line' id='line_1_4' title="bbox 105 433 1116 520; baseline 0.002 -22"><span class='ocrx_word' id='word_1_22' title='bbox 105 433 365 520; x_wconf 77' lang='lat' dir='ltr'><strong>intellegentiam</strong></span> <span class='ocrx_word' id='word_1_23' title='bbox 396 457 524 520; x_wconf 91' lang='lat' dir='ltr'><strong>capere,</strong></span> <span class='ocrx_word' id='word_1_24' title='bbox 556 456 639 518; x_wconf 87' lang='lat' dir='ltr'><strong>quae</strong></span> <span class='ocrx_word' id='word_1_25' title='bbox 671 434 716 499; x_wconf 92' lang='lat' dir='ltr'><strong>sit</strong></span> <span class='ocrx_word' id='word_1_26' title='bbox 747 438 780 499; x_wconf 85' lang='lat' dir='ltr'><strong>et</strong></span> <span class='ocrx_word' id='word_1_27' title='bbox 811 435 909 500; x_wconf 89' lang='lat' dir='ltr'><strong>beata</strong></span> <span class='ocrx_word' id='word_1_28' title='bbox 936 437 1055 500; x_wconf 83' lang='lat' dir='ltr'><strong>natura</strong></span> <span class='ocrx_word' id='word_1_29' title='bbox 1083 438 1116 500; x_wconf 89' lang='lat' dir='ltr'><strong>et</strong></span> 
     </span>
     <span class='ocr_line' id='line_1_5' title="bbox 107 520 1171 610; baseline 0 -24"><span class='ocrx_word' id='word_1_30' title='bbox 107 524 247 586; x_wconf 87' lang='lat' dir='ltr'><strong>aeterna.</strong></span> <span class='ocrx_word' id='word_1_31' title='bbox 299 520 434 587; x_wconf 85' lang='lat' dir='ltr'><strong>Summa</strong></span> <span class='ocrx_word' id='word_1_32' title='bbox 466 544 543 588; x_wconf 87' lang='lat' dir='ltr'><strong>vero</strong></span> <span class='ocrx_word' id='word_1_33' title='bbox 574 522 624 588; x_wconf 80' lang='lat' dir='ltr'><strong>vis</strong></span> <span class='ocrx_word' id='word_1_34' title='bbox 656 522 829 588; x_wconf 84' lang='lat' dir='ltr'><strong>infinitatis</strong></span> <span class='ocrx_word' id='word_1_35' title='bbox 862 527 896 588; x_wconf 89' lang='lat' dir='ltr'><strong>et</strong></span> <span class='ocrx_word' id='word_1_36' title='bbox 926 545 1048 610; x_wconf 83' lang='lat' dir='ltr'><strong>magna</strong></span> <span class='ocrx_word' id='word_1_37' title='bbox 1080 545 1117 588; x_wconf 89' lang='lat' dir='ltr'><strong>ac</strong></span> <span class='ocrx_word' id='word_1_38' title='bbox 1136 535 1171 586; x_wconf 81' lang='lat'><strong>60</strong></span> 
     </span>
     <span class='ocr_line' id='line_1_6' title="bbox 83 609 1118 696; baseline 0.002 -22"><span class='ocrx_word' id='word_1_39' title='bbox 83 609 257 696; x_wconf 67' lang='lat' dir='ltr'><strong>ediligenti</strong></span> <span class='ocrx_word' id='word_1_40' title='bbox 279 611 553 696; x_wconf 83' lang='lat' dir='ltr'><strong>contemplatione</strong></span> <span class='ocrx_word' id='word_1_41' title='bbox 576 609 769 696; x_wconf 83' lang='lat' dir='ltr'><strong>dignissima</strong></span> <span class='ocrx_word' id='word_1_42' title='bbox 791 614 854 696; x_wconf 89' lang='lat' dir='ltr'><strong>est,</strong></span> <span class='ocrx_word' id='word_1_43' title='bbox 880 611 915 676; x_wconf 89' lang='lat' dir='ltr'><strong>in</strong></span> <span class='ocrx_word' id='word_1_44' title='bbox 939 633 1003 696; x_wconf 90' lang='lat' dir='ltr'><strong>qua</strong></span> <span class='ocrx_word' id='word_1_45' title='bbox 1024 611 1118 676; x_wconf 90' lang='lat' dir='ltr'><strong>intel·</strong></span> 
     </span>
     <span class='ocr_line' id='line_1_7' title="bbox 107 698 1118 784; baseline 0.003 -23"><span class='ocrx_word' id='word_1_46' title='bbox 107 698 171 784; x_wconf 83' lang='lat' dir='ltr'><strong>legi</strong></span> <span class='ocrx_word' id='word_1_47' title='bbox 194 720 327 764; x_wconf 91' lang='lat' dir='ltr'><strong>necesse</strong></span> <span class='ocrx_word' id='word_1_48' title='bbox 351 701 402 764; x_wconf 89' lang='lat' dir='ltr'><strong>est</strong></span> <span class='ocrx_word' id='word_1_49' title='bbox 420 721 492 764; x_wconf 92' lang='lat' dir='ltr'><strong>eam</strong></span> <span class='ocrx_word' id='word_1_50' title='bbox 511 720 581 764; x_wconf 87' lang='lat' dir='ltr'><strong>esse</strong></span> <span class='ocrx_word' id='word_1_51' title='bbox 599 704 761 784; x_wconf 90' lang='lat' dir='ltr'><strong>naturam,</strong></span> <span class='ocrx_word' id='word_1_52' title='bbox 783 703 820 764; x_wconf 92' lang='lat' dir='ltr'><strong>ut</strong></span> <span class='ocrx_word' id='word_1_53' title='bbox 838 699 949 765; x_wconf 90' lang='lat' dir='ltr'><strong>omnia</strong></span> <span class='ocrx_word' id='word_1_54' title='bbox 966 699 1118 764; x_wconf 87' lang='lat' dir='ltr'><strong>omnibus</strong></span> 
     </span>
     <span class='ocr_line' id='line_1_8' title="bbox 106 785 1118 873; baseline 0 -22"><span class='ocrx_word' id='word_1_55' title='bbox 106 786 238 872; x_wconf 91' lang='lat' dir='ltr'><strong>paribus</strong></span> <span class='ocrx_word' id='word_1_56' title='bbox 269 787 362 872; x_wconf 88' lang='lat' dir='ltr'><strong>paria</strong></span> <span class='ocrx_word' id='word_1_57' title='bbox 384 787 610 873; x_wconf 87' lang='lat' dir='ltr'><strong>respondeant.</strong></span> <span class='ocrx_word' id='word_1_58' title='bbox 654 785 749 853; x_wconf 90' lang='lat' dir='ltr'><strong>Hanc</strong></span> <span class='ocrx_word' id='word_1_59' title='bbox 772 789 950 872; x_wconf 73' lang='grc' dir='ltr'><strong><em>ἰσονομίαν</em></strong></span> <span class='ocrx_word' id='word_1_60' title='bbox 974 789 1118 873; x_wconf 89' lang='lat' dir='ltr'><strong>appellat</strong></span> 
     </span>
     <span class='ocr_line' id='line_1_9' title="bbox 106 873 1119 962; baseline 0.002 -24"><span class='ocrx_word' id='word_1_61' title='bbox 106 873 277 960; x_wconf 81' lang='lat' dir='ltr'><strong>Epicurus,</strong></span> <span class='ocrx_word' id='word_1_62' title='bbox 298 875 332 940; x_wconf 92' lang='lat' dir='ltr'><strong>id</strong></span> <span class='ocrx_word' id='word_1_63' title='bbox 356 878 406 940; x_wconf 92' lang='lat' dir='ltr'><strong>est</strong></span> <span class='ocrx_word' id='word_1_64' title='bbox 429 875 632 961; x_wconf 80' lang='lat' dir='ltr'><strong>aequabilem</strong></span> <span class='ocrx_word' id='word_1_65' title='bbox 650 875 871 941; x_wconf 83' lang='lat' dir='ltr'><strong>tributionem.</strong></span> <span class='ocrx_word' id='word_1_66' title='bbox 911 875 962 944; x_wconf 83' lang='lat' dir='ltr'><strong>Ex</strong></span> <span class='ocrx_word' id='word_1_67' title='bbox 979 875 1042 941; x_wconf 91' lang='lat' dir='ltr'><strong>hac</strong></span> <span class='ocrx_word' id='word_1_68' title='bbox 1060 876 1119 962; x_wconf 79' lang='lat' dir='ltr'><strong>igi-</strong></span> 
     </span>
     <span class='ocr_line' id='line_1_10' title="bbox 106 963 1118 1049; baseline 0.003 -22"><span class='ocrx_word' id='word_1_69' title='bbox 106 964 159 1027; x_wconf 82' lang='lat' dir='ltr'><strong>tur</strong></span> <span class='ocrx_word' id='word_1_70' title='bbox 184 963 269 1028; x_wconf 89' lang='lat' dir='ltr'><strong>illud</strong></span> <span class='ocrx_word' id='word_1_71' title='bbox 296 963 448 1049; x_wconf 87' lang='lat' dir='ltr'><strong>efficitur,</strong></span> <span class='ocrx_word' id='word_1_72' title='bbox 479 963 509 1030; x_wconf 88' lang='lat' dir='ltr'><strong>si</strong></span> <span class='ocrx_word' id='word_1_73' title='bbox 536 963 723 1029; x_wconf 84' lang='lat' dir='ltr'><strong>mortalium</strong></span> <span class='ocrx_word' id='word_1_74' title='bbox 751 967 845 1030; x_wconf 87' lang='lat' dir='ltr'><strong>tanta</strong></span> <span class='ocrx_word' id='word_1_75' title='bbox 867 963 1043 1030; x_wconf 91' lang='lat' dir='ltr'><strong>multitudo</strong></span> <span class='ocrx_word' id='word_1_76' title='bbox 1067 964 1118 1048; x_wconf 91' lang='lat' dir='ltr'><strong>sit,</strong></span> 
     </span>
     <span class='ocr_line' id='line_1_11' title="bbox 73 1051 1119 1138; baseline 0.001 -23"><span class='ocrx_word' id='word_1_77' title='bbox 73 1067 95 1106; x_wconf 84' lang='lat'><strong>1⁰</strong></span> <span class='ocrx_word' id='word_1_78' title='bbox 108 1071 176 1116; x_wconf 87' lang='lat' dir='ltr'><strong>esse</strong></span> <span class='ocrx_word' id='word_1_79' title='bbox 194 1051 421 1117; x_wconf 86' lang='lat' dir='ltr'><strong>inmortalium</strong></span> <span class='ocrx_word' id='word_1_80' title='bbox 438 1074 505 1118; x_wconf 91' lang='lat' dir='ltr'><strong>non</strong></span> <span class='ocrx_word' id='word_1_81' title='bbox 523 1051 690 1136; x_wconf 86' lang='lat' dir='ltr'><strong>minorem,</strong></span> <span class='ocrx_word' id='word_1_82' title='bbox 709 1055 743 1117; x_wconf 91' lang='lat' dir='ltr'><strong>et</strong></span> <span class='ocrx_word' id='word_1_83' title='bbox 761 1053 799 1136; x_wconf 92' lang='lat' dir='ltr'><strong>si,</strong></span> <span class='ocrx_word' id='word_1_84' title='bbox 818 1073 900 1138; x_wconf 90' lang='lat' dir='ltr'><strong>quae</strong></span> <span class='ocrx_word' id='word_1_85' title='bbox 918 1052 1119 1136; x_wconf 89' lang='lat' dir='ltr'><strong>interimant,</strong></span> 
     </span>
     <span class='ocr_line' id='line_1_12' title="bbox 107 1136 1253 1226; baseline 0.003 -23"><span class='ocrx_word' id='word_1_86' title='bbox 107 1138 358 1205; x_wconf 84' lang='lat' dir='ltr'><strong>innumerabilia</strong></span> <span class='ocrx_word' id='word_1_87' title='bbox 381 1141 457 1226; x_wconf 90' lang='lat' dir='ltr'><strong>sint,</strong></span> <span class='ocrx_word' id='word_1_88' title='bbox 479 1140 579 1206; x_wconf 90' lang='lat' dir='ltr'><strong>ctiam</strong></span> <span class='ocrx_word' id='word_1_89' title='bbox 597 1163 644 1226; x_wconf 89' lang='lat' dir='ltr'><strong>ea,</strong></span> <span class='ocrx_word' id='word_1_90' title='bbox 667 1162 749 1225; x_wconf 91' lang='lat' dir='ltr'><strong>quae</strong></span> <span class='ocrx_word' id='word_1_91' title='bbox 768 1142 969 1225; x_wconf 84' lang='lat' dir='ltr'><strong>conservent,</strong></span> <span class='ocrx_word' id='word_1_92' title='bbox 991 1140 1121 1206; x_wconf 87' lang='lat' dir='ltr'><strong>infinita</strong></span> <span class='ocrx_word' id='word_1_93' title='bbox 1252 1136 1253 1140; x_wconf 59' lang='grc'>’</span> 
     </span>
     <span class='ocr_line' id='line_1_13' title="bbox 108 1227 1120 1313; baseline 0.002 -21"><span class='ocrx_word' id='word_1_94' title='bbox 108 1249 178 1292; x_wconf 88' lang='lat' dir='ltr'><strong>esse</strong></span> <span class='ocrx_word' id='word_1_95' title='bbox 211 1227 337 1293; x_wconf 88' lang='lat' dir='ltr'><strong>debere.</strong></span> <span class='ocrx_word' id='word_1_96' title='bbox 390 1227 436 1294; x_wconf 84' lang='lat' dir='ltr'><strong>Et</strong></span> <span class='ocrx_word' id='word_1_97' title='bbox 468 1250 620 1313; x_wconf 88' lang='lat' dir='ltr'><strong>quaerere</strong></span> <span class='ocrx_word' id='word_1_98' title='bbox 651 1251 672 1292; x_wconf 90' lang='lat' dir='ltr'><strong>a</strong></span> <span class='ocrx_word' id='word_1_99' title='bbox 702 1228 810 1313; x_wconf 90' lang='lat' dir='ltr'><strong>nobis,</strong></span> <span class='ocrx_word' id='word_1_100' title='bbox 842 1227 959 1313; x_wconf 90' lang='lat' dir='ltr'><strong>Balbe,</strong></span> <span class='ocrx_word' id='word_1_101' title='bbox 997 1228 1120 1313; x_wconf 90' lang='lat' dir='ltr'><strong>soletis,</strong></span> 
     </span>
     <span class='ocr_line' id='line_1_14' title="bbox 109 1316 1120 1403; baseline 0.002 -23"><span class='ocrx_word' id='word_1_102' title='bbox 109 1337 188 1400; x_wconf 88' lang='lat' dir='ltr'><strong>quae</strong></span> <span class='ocrx_word' id='word_1_103' title='bbox 216 1316 288 1382; x_wconf 82' lang='lat' dir='ltr'><strong>vita</strong></span> <span class='ocrx_word' id='word_1_104' title='bbox 315 1316 447 1382; x_wconf 88' lang='lat' dir='ltr'><strong>deorum</strong></span> <span class='ocrx_word' id='word_1_105' title='bbox 477 1317 534 1401; x_wconf 90' lang='lat' dir='ltr'><strong>sit,</strong></span> <span class='ocrx_word' id='word_1_106' title='bbox 562 1338 708 1400; x_wconf 88' lang='lat' dir='ltr'><strong>quaeque</strong></span> <span class='ocrx_word' id='word_1_107' title='bbox 731 1317 772 1382; x_wconf 92' lang='lat' dir='ltr'><strong>ab</strong></span> <span class='ocrx_word' id='word_1_108' title='bbox 795 1317 836 1381; x_wconf 91' lang='lat' dir='ltr'><strong>iis</strong></span> <span class='ocrx_word' id='word_1_109' title='bbox 860 1317 998 1403; x_wconf 80' lang='lat' dir='ltr'><strong>degatur</strong></span> <span class='ocrx_word' id='word_1_110' title='bbox 1020 1321 1120 1382; x_wconf 85' lang='lat' dir='ltr'><strong>aetas.</strong></span> 
     </span>
     <span class='ocr_line' id='line_1_15' title="bbox 108 1403 1172 1490; baseline 0.001 -22"><span class='ocrx_word' id='word_1_111' title='bbox 108 1403 156 1469; x_wconf 83' lang='lat' dir='ltr'><strong>Ea</strong></span> <span class='ocrx_word' id='word_1_112' title='bbox 181 1404 347 1489; x_wconf 85' lang='lat' dir='ltr'><strong>videlicet,</strong></span> <span class='ocrx_word' id='word_1_113' title='bbox 379 1427 444 1490; x_wconf 90' lang='lat' dir='ltr'><strong>qua</strong></span> <span class='ocrx_word' id='word_1_114' title='bbox 470 1405 553 1469; x_wconf 89' lang='lat' dir='ltr'><strong>nihil</strong></span> <span class='ocrx_word' id='word_1_115' title='bbox 576 1405 718 1488; x_wconf 88' lang='lat' dir='ltr'><strong>beatius,</strong></span> <span class='ocrx_word' id='word_1_116' title='bbox 745 1405 828 1470; x_wconf 90' lang='lat' dir='ltr'><strong>nihil</strong></span> <span class='ocrx_word' id='word_1_117' title='bbox 851 1405 1002 1471; x_wconf 91' lang='lat' dir='ltr'><strong>omnibus</strong></span> <span class='ocrx_word' id='word_1_118' title='bbox 1024 1404 1120 1471; x_wconf 90' lang='lat' dir='ltr'><strong>bonis</strong></span> <span class='ocrx_word' id='word_1_119' title='bbox 1139 1419 1172 1469; x_wconf 85' lang='lat'><strong>51</strong></span> 
     </span>
     <span class='ocr_line' id='line_1_16' title="bbox 74 1491 1120 1579; baseline 0.001 -23"><span class='ocrx_word' id='word_1_120' title='bbox 74 1507 96 1548; x_wconf 78' lang='lat'><strong>1⁵</strong></span> <span class='ocrx_word' id='word_1_121' title='bbox 109 1491 294 1557; x_wconf 74' lang='lat' dir='ltr'><strong>affluentius</strong></span> <span class='ocrx_word' id='word_1_122' title='bbox 325 1493 464 1579; x_wconf 82' lang='lat' dir='ltr'><strong>cogitari</strong></span> <span class='ocrx_word' id='word_1_123' title='bbox 495 1496 614 1579; x_wconf 90' lang='lat' dir='ltr'><strong>potest.</strong></span> <span class='ocrx_word' id='word_1_124' title='bbox 663 1491 757 1558; x_wconf 90' lang='lat' dir='ltr'><strong>Nihil</strong></span> <span class='ocrx_word' id='word_1_125' title='bbox 789 1493 875 1558; x_wconf 89' lang='lat' dir='ltr'><strong>enim</strong></span> <span class='ocrx_word' id='word_1_126' title='bbox 907 1493 989 1578; x_wconf 85' lang='lat' dir='ltr'><strong>agit,</strong></span> <span class='ocrx_word' id='word_1_127' title='bbox 1020 1493 1120 1558; x_wconf 90' lang='lat' dir='ltr'><strong>nullis</strong></span> 
     </span>
     <span class='ocr_line' id='line_1_17' title="bbox 111 1581 1121 1667; baseline 0 -21"><span class='ocrx_word' id='word_1_128' title='bbox 111 1581 378 1667; x_wconf 79' lang='lat' dir='ltr'><strong>occupationibus</strong></span> <span class='ocrx_word' id='word_1_129' title='bbox 415 1584 466 1646; x_wconf 90' lang='lat' dir='ltr'><strong>est</strong></span> <span class='ocrx_word' id='word_1_130' title='bbox 497 1581 686 1667; x_wconf 85' lang='lat' dir='ltr'><strong>inplicatus,</strong></span> <span class='ocrx_word' id='word_1_131' title='bbox 722 1582 814 1646; x_wconf 90' lang='lat' dir='ltr'><strong>nulla</strong></span> <span class='ocrx_word' id='word_1_132' title='bbox 846 1603 946 1666; x_wconf 90' lang='lat' dir='ltr'><strong>opera</strong></span> <span class='ocrx_word' id='word_1_133' title='bbox 977 1581 1121 1666; x_wconf 91' lang='lat' dir='ltr'><strong>molitur,</strong></span> 
     </span>
     <span class='ocr_line' id='line_1_18' title="bbox 111 1669 1121 1755; baseline 0.002 -23"><span class='ocrx_word' id='word_1_134' title='bbox 111 1690 167 1734; x_wconf 87' lang='lat' dir='ltr'><strong>sua</strong></span> <span class='ocrx_word' id='word_1_135' title='bbox 185 1669 349 1755; x_wconf 89' lang='lat' dir='ltr'><strong>sapientia</strong></span> <span class='ocrx_word' id='word_1_136' title='bbox 368 1672 401 1734; x_wconf 91' lang='lat' dir='ltr'><strong>et</strong></span> <span class='ocrx_word' id='word_1_137' title='bbox 418 1669 541 1735; x_wconf 83' lang='lat' dir='ltr'><strong>virtute</strong></span> <span class='ocrx_word' id='word_1_138' title='bbox 559 1669 688 1754; x_wconf 82' lang='lat' dir='ltr'><strong>gaudet,</strong></span> <span class='ocrx_word' id='word_1_139' title='bbox 708 1669 809 1734; x_wconf 91' lang='lat' dir='ltr'><strong>habet</strong></span> <span class='ocrx_word' id='word_1_140' title='bbox 828 1671 1032 1755; x_wconf 82' lang='lat' dir='ltr'><strong>exploratum</strong></span> <span class='ocrx_word' id='word_1_141' title='bbox 1050 1670 1121 1736; x_wconf 84' lang='lat' dir='ltr'><strong>fore</strong></span> 
     </span>
     <span class='ocr_line' id='line_1_19' title="bbox 110 1757 1121 1844; baseline 0 -22"><span class='ocrx_word' id='word_1_142' title='bbox 110 1779 142 1822; x_wconf 89' lang='lat' dir='ltr'><strong>se</strong></span> <span class='ocrx_word' id='word_1_143' title='bbox 166 1779 296 1843; x_wconf 87' lang='lat' dir='ltr'><strong>semper</strong></span> <span class='ocrx_word' id='word_1_144' title='bbox 318 1780 392 1822; x_wconf 90' lang='lat' dir='ltr'><strong>oum</strong></span> <span class='ocrx_word' id='word_1_145' title='bbox 413 1757 449 1822; x_wconf 89' lang='lat' dir='ltr'><strong>in</strong></span> <span class='ocrx_word' id='word_1_146' title='bbox 471 1757 636 1841; x_wconf 84' lang='lat' dir='ltr'><strong>maximis,</strong></span> <span class='ocrx_word' id='word_1_147' title='bbox 658 1761 730 1822; x_wconf 90' lang='lat' dir='ltr'><strong>tum</strong></span> <span class='ocrx_word' id='word_1_148' title='bbox 751 1757 787 1823; x_wconf 90' lang='lat' dir='ltr'><strong>in</strong></span> <span class='ocrx_word' id='word_1_149' title='bbox 809 1757 950 1822; x_wconf 89' lang='lat' dir='ltr'><strong>aeternis</strong></span> <span class='ocrx_word' id='word_1_150' title='bbox 972 1759 1121 1844; x_wconf 78' lang='lat' dir='ltr'><strong>volupta</strong></span> 
     </span>
     <span class='ocr_line' id='line_1_20' title="bbox 109 1819 1176 1946; baseline 0.003 -37"><span class='ocrx_word' id='word_1_151' title='bbox 109 1845 206 1911; x_wconf 86' lang='lat' dir='ltr'><strong>tibus.</strong></span> <span class='ocrx_word' id='word_1_152' title='bbox 252 1845 348 1911; x_wconf 89' lang='lat' dir='ltr'><strong>Hunc</strong></span> <span class='ocrx_word' id='word_1_153' title='bbox 380 1846 475 1910; x_wconf 89' lang='lat' dir='ltr'><strong>deum</strong></span> <span class='ocrx_word' id='word_1_154' title='bbox 504 1844 566 1910; x_wconf 89' lang='lat' dir='ltr'><strong>rite</strong></span> <span class='ocrx_word' id='word_1_155' title='bbox 596 1845 729 1910; x_wconf 89' lang='lat' dir='ltr'><strong>beatum</strong></span> <span class='ocrx_word' id='word_1_156' title='bbox 757 1845 944 1930; x_wconf 85' lang='lat' dir='ltr'><strong>dixerimus,</strong></span> <span class='ocrx_word' id='word_1_157' title='bbox 975 1850 1121 1912; x_wconf 85' lang='lat' dir='ltr'><strong>vestrum</strong></span> <span class='ocrx_word' id='word_1_158' title='bbox 1131 1819 1176 1946; x_wconf 60' lang='lat'><strong>252</strong></span> 
     </span>
     <span class='ocr_line' id='line_1_21' title="bbox 75 1931 1122 2020; baseline -0.002 -20"><span class='ocrx_word' id='word_1_159' title='bbox 75 1950 98 1990; x_wconf 78' lang='lat'><strong>2⁰</strong></span> <span class='ocrx_word' id='word_1_160' title='bbox 109 1955 184 2000; x_wconf 84' lang='lat' dir='ltr'><strong>vero</strong></span> <span class='ocrx_word' id='word_1_161' title='bbox 202 1933 506 1999; x_wconf 88' lang='lat' dir='ltr'><strong>laboriosissimum.</strong></span> <span class='ocrx_word' id='word_1_162' title='bbox 539 1931 613 2000; x_wconf 84' lang='lat' dir='ltr'><strong>Sive</strong></span> <span class='ocrx_word' id='word_1_163' title='bbox 633 1934 719 1999; x_wconf 91' lang='lat' dir='ltr'><strong>enim</strong></span> <span class='ocrx_word' id='word_1_164' title='bbox 733 1934 803 2020; x_wconf 90' lang='lat' dir='ltr'><strong>ipse</strong></span> <span class='ocrx_word' id='word_1_165' title='bbox 818 1934 957 2000; x_wconf 90' lang='lat' dir='ltr'><strong>mundus</strong></span> <span class='ocrx_word' id='word_1_166' title='bbox 971 1935 1122 2019; x_wconf 87' lang='lat' dir='ltr'><strong>deusest,</strong></span> 
     </span>
     <span class='ocr_line' id='line_1_22' title="bbox 111 2022 1122 2108; baseline 0.002 -22"><span class='ocrx_word' id='word_1_167' title='bbox 111 2022 186 2106; x_wconf 88' lang='lat' dir='ltr'><strong>quid</strong></span> <span class='ocrx_word' id='word_1_168' title='bbox 215 2024 328 2107; x_wconf 90' lang='lat' dir='ltr'><strong>potest</strong></span> <span class='ocrx_word' id='word_1_169' title='bbox 355 2044 424 2088; x_wconf 88' lang='lat' dir='ltr'><strong>osse</strong></span> <span class='ocrx_word' id='word_1_170' title='bbox 453 2022 560 2086; x_wconf 89' lang='lat' dir='ltr'><strong>minus</strong></span> <span class='ocrx_word' id='word_1_171' title='bbox 589 2022 735 2106; x_wconf 88' lang='lat' dir='ltr'><strong>quietum</strong></span> <span class='ocrx_word' id='word_1_172' title='bbox 762 2044 859 2107; x_wconf 90' lang='lat' dir='ltr'><strong>quam</strong></span> <span class='ocrx_word' id='word_1_173' title='bbox 885 2023 978 2088; x_wconf 91' lang='lat' dir='ltr'><strong>nullo</strong></span> <span class='ocrx_word' id='word_1_174' title='bbox 1000 2027 1122 2108; x_wconf 87' lang='lat' dir='ltr'><strong>puncto</strong></span> 
     </span>
     <span class='ocr_line' id='line_1_23' title="bbox 110 2110 1122 2196; baseline 0.001 -21"><span class='ocrx_word' id='word_1_175' title='bbox 110 2110 268 2196; x_wconf 88' lang='lat' dir='ltr'><strong>temporis</strong></span> <span class='ocrx_word' id='word_1_176' title='bbox 300 2110 485 2176; x_wconf 90' lang='lat' dir='ltr'><strong>intermisso</strong></span> <span class='ocrx_word' id='word_1_177' title='bbox 522 2110 646 2175; x_wconf 85' lang='lat' dir='ltr'><strong>versari</strong></span> <span class='ocrx_word' id='word_1_178' title='bbox 675 2110 796 2176; x_wconf 90' lang='lat' dir='ltr'><strong>circum</strong></span> <span class='ocrx_word' id='word_1_179' title='bbox 825 2131 919 2176; x_wconf 86' lang='lat' dir='ltr'><strong>axem</strong></span> <span class='ocrx_word' id='word_1_180' title='bbox 949 2111 1031 2177; x_wconf 89' lang='lat' dir='ltr'><strong>caeli</strong></span> <span class='ocrx_word' id='word_1_181' title='bbox 1069 2111 1122 2176; x_wconf 90' lang='lat' dir='ltr'><strong>ad·</strong></span> 
     </span>
     <span class='ocr_line' id='line_1_24' title="bbox 112 2198 1123 2283; baseline 0.001 -20"><span class='ocrx_word' id='word_1_182' title='bbox 112 2198 256 2264; x_wconf 90' lang='lat' dir='ltr'><strong>mirabili</strong></span> <span class='ocrx_word' id='word_1_183' title='bbox 278 2199 466 2264; x_wconf 80' lang='lat' dir='ltr'><strong>celeritate?</strong></span> <span class='ocrx_word' id='word_1_184' title='bbox 495 2198 560 2263; x_wconf 88' lang='lat' dir='ltr'><strong>nisi</strong></span> <span class='ocrx_word' id='word_1_185' title='bbox 583 2199 729 2283; x_wconf 89' lang='lat' dir='ltr'><strong>quietum</strong></span> <span class='ocrx_word' id='word_1_186' title='bbox 752 2202 862 2264; x_wconf 89' lang='lat' dir='ltr'><strong>autem</strong></span> <span class='ocrx_word' id='word_1_187' title='bbox 884 2198 967 2264; x_wconf 90' lang='lat' dir='ltr'><strong>nihil</strong></span> <span class='ocrx_word' id='word_1_188' title='bbox 990 2199 1123 2264; x_wconf 89' lang='lat' dir='ltr'><strong>beatum</strong></span> 
     </span>
     <span class='ocr_line' id='line_1_25' title="bbox 112 2281 1123 2372; baseline 0.002 -22"><span class='ocrx_word' id='word_1_189' title='bbox 112 2291 173 2371; x_wconf 88' lang='lat' dir='ltr'><strong>est;</strong></span> <span class='ocrx_word' id='word_1_190' title='bbox 198 2287 268 2352; x_wconf 84' lang='lat' dir='ltr'><strong>sive</strong></span> <span class='ocrx_word' id='word_1_191' title='bbox 289 2287 325 2352; x_wconf 90' lang='lat' dir='ltr'><strong>in</strong></span> <span class='ocrx_word' id='word_1_192' title='bbox 346 2287 418 2372; x_wconf 90' lang='lat' dir='ltr'><strong>ipso</strong></span> <span class='ocrx_word' id='word_1_193' title='bbox 441 2288 562 2353; x_wconf 90' lang='lat' dir='ltr'><strong>mundo</strong></span> <span class='ocrx_word' id='word_1_194' title='bbox 585 2288 663 2352; x_wconf 91' lang='lat' dir='ltr'><strong>deus</strong></span> <span class='ocrx_word' id='word_1_195' title='bbox 685 2287 771 2352; x_wconf 84' lang='lat' dir='ltr'><strong>inest</strong></span> <span class='ocrx_word' id='word_1_196' title='bbox 794 2287 922 2372; x_wconf 89' lang='lat' dir='ltr'><strong>aliquis,</strong></span> <span class='ocrx_word' id='word_1_197' title='bbox 946 2288 1002 2372; x_wconf 91' lang='lat' dir='ltr'><strong>qui</strong></span> <span class='ocrx_word' id='word_1_198' title='bbox 1019 2281 1123 2372; x_wconf 83' lang='lat' dir='ltr'><strong>regat,</strong></span> 
     </span>
     <span class='ocr_line' id='line_1_26' title="bbox 77 2374 1123 2462; baseline 0 -23"><span class='ocrx_word' id='word_1_199' title='bbox 77 2389 100 2429; x_wconf 77' lang='lat'><strong>2⁵</strong></span> <span class='ocrx_word' id='word_1_200' title='bbox 114 2375 167 2460; x_wconf 89' lang='lat' dir='ltr'><strong>qui</strong></span> <span class='ocrx_word' id='word_1_201' title='bbox 195 2374 367 2462; x_wconf 83' lang='lat' dir='ltr'><strong>gubernet,</strong></span> <span class='ocrx_word' id='word_1_202' title='bbox 395 2375 451 2460; x_wconf 90' lang='lat' dir='ltr'><strong>qui</strong></span> <span class='ocrx_word' id='word_1_203' title='bbox 478 2396 590 2440; x_wconf 87' lang='lat' dir='ltr'><strong>cursus</strong></span> <span class='ocrx_word' id='word_1_204' title='bbox 619 2379 796 2461; x_wconf 86' lang='lat' dir='ltr'><strong>astrorum,</strong></span> <span class='ocrx_word' id='word_1_205' title='bbox 823 2376 1021 2440; x_wconf 89' lang='lat' dir='ltr'><strong>mutationes</strong></span> <span class='ocrx_word' id='word_1_206' title='bbox 1044 2380 1123 2439; x_wconf 88' lang='lat' dir='ltr'><strong>tem·</strong></span> 
     </span>
     <span class='ocr_line' id='line_1_27' title="bbox 113 2462 1124 2549; baseline -0.002 -20"><span class='ocrx_word' id='word_1_207' title='bbox 113 2474 239 2548; x_wconf 81' lang='lat' dir='ltr'><strong>porum,</strong></span> <span class='ocrx_word' id='word_1_208' title='bbox 261 2484 370 2528; x_wconf 87' lang='lat' dir='ltr'><strong>rerum</strong></span> <span class='ocrx_word' id='word_1_209' title='bbox 392 2462 630 2529; x_wconf 84' lang='lat' dir='ltr'><strong>vicissitudines</strong></span> <span class='ocrx_word' id='word_1_210' title='bbox 650 2463 841 2549; x_wconf 87' lang='lat' dir='ltr'><strong>ordinesque</strong></span> <span class='ocrx_word' id='word_1_211' title='bbox 860 2465 1037 2547; x_wconf 88' lang='lat' dir='ltr'><strong>conservet,</strong></span> <span class='ocrx_word' id='word_1_212' title='bbox 1059 2468 1124 2527; x_wconf 83' lang='lat' dir='ltr'><strong>ter·</strong></span> 
     </span>
     <span class='ocr_line' id='line_1_28' title="bbox 113 2551 1125 2637; baseline 0.001 -22"><span class='ocrx_word' id='word_1_213' title='bbox 113 2573 164 2616; x_wconf 88' lang='lat' dir='ltr'><strong>ras</strong></span> <span class='ocrx_word' id='word_1_214' title='bbox 191 2554 227 2616; x_wconf 91' lang='lat' dir='ltr'><strong>et</strong></span> <span class='ocrx_word' id='word_1_215' title='bbox 255 2551 360 2616; x_wconf 86' lang='lat' dir='ltr'><strong>maria</strong></span> <span class='ocrx_word' id='word_1_216' title='bbox 386 2553 609 2637; x_wconf 89' lang='lat' dir='ltr'><strong>contemplans</strong></span> <span class='ocrx_word' id='word_1_217' title='bbox 637 2551 806 2617; x_wconf 91' lang='lat' dir='ltr'><strong>hominum</strong></span> <span class='ocrx_word' id='word_1_218' title='bbox 833 2551 1003 2618; x_wconf 87' lang='lat' dir='ltr'><strong>commoda</strong></span> <span class='ocrx_word' id='word_1_219' title='bbox 1025 2551 1125 2616; x_wconf 84' lang='lat' dir='ltr'><strong>vitas·</strong></span> 
     </span>
     <span class='ocr_line' id='line_1_29' title="bbox 114 2639 1226 2725; baseline -0.001 -21"><span class='ocrx_word' id='word_1_220' title='bbox 114 2660 173 2723; x_wconf 90' lang='lat' dir='ltr'><strong>qne</strong></span> <span class='ocrx_word' id='word_1_221' title='bbox 203 2642 349 2724; x_wconf 87' lang='lat' dir='ltr'><strong>tueatur,</strong></span> <span class='ocrx_word' id='word_1_222' title='bbox 378 2661 419 2704; x_wconf 89' lang='lat' dir='ltr'><strong>ne</strong></span> <span class='ocrx_word' id='word_1_223' title='bbox 448 2640 504 2705; x_wconf 91' lang='lat' dir='ltr'><strong>illc</strong></span> <span class='ocrx_word' id='word_1_224' title='bbox 534 2642 585 2704; x_wconf 91' lang='lat' dir='ltr'><strong>est</strong></span> <span class='ocrx_word' id='word_1_225' title='bbox 611 2639 787 2725; x_wconf 88' lang='lat' dir='ltr'><strong>inplicatus</strong></span> <span class='ocrx_word' id='word_1_226' title='bbox 802 2639 958 2706; x_wconf 87' lang='lat' dir='ltr'><strong>molestis</strong></span> <span class='ocrx_word' id='word_1_227' title='bbox 980 2639 1122 2724; x_wconf 79' lang='lat' dir='ltr'><strong>negotiis</strong></span> <span class='ocrx_word' id='word_1_228' title='bbox 1224 2653 1226 2656; x_wconf 84' lang='grc'><strong><em>·</em></strong></span> 
     </span>
     <span class='ocr_line' id='line_1_30' title="bbox 114 2726 1173 2812; baseline -0.002 -20"><span class='ocrx_word' id='word_1_229' title='bbox 114 2731 146 2792; x_wconf 91' lang='lat' dir='ltr'><strong>et</strong></span> <span class='ocrx_word' id='word_1_230' title='bbox 172 2728 331 2812; x_wconf 81' lang='lat' dir='ltr'><strong>operosis!</strong></span> <span class='ocrx_word' id='word_1_231' title='bbox 376 2726 448 2793; x_wconf 92' lang='lat' dir='ltr'><strong>Nos</strong></span> <span class='ocrx_word' id='word_1_232' title='bbox 476 2730 585 2792; x_wconf 89' lang='lat' dir='ltr'><strong>autem</strong></span> <span class='ocrx_word' id='word_1_233' title='bbox 612 2726 744 2793; x_wconf 89' lang='lat' dir='ltr'><strong>beatam</strong></span> <span class='ocrx_word' id='word_1_234' title='bbox 766 2728 869 2793; x_wconf 83' lang='lat' dir='ltr'><strong>vitam</strong></span> <span class='ocrx_word' id='word_1_235' title='bbox 891 2727 927 2792; x_wconf 88' lang='lat' dir='ltr'><strong>in</strong></span> <span class='ocrx_word' id='word_1_236' title='bbox 949 2727 1051 2792; x_wconf 89' lang='lat' dir='ltr'><strong>animi</strong></span> <span class='ocrx_word' id='word_1_237' title='bbox 1074 2748 1120 2792; x_wconf 87' lang='lat' dir='ltr'><strong>se·</strong></span> <span class='ocrx_word' id='word_1_238' title='bbox 1139 2739 1173 2790; x_wconf 75' lang='lat'><strong>53</strong></span> 
     </span>
     <span class='ocr_line' id='line_1_31' title="bbox 78 2814 1123 2900; baseline 0.003 -21"><span class='ocrx_word' id='word_1_239' title='bbox 78 2830 101 2870; x_wconf 86' lang='lat'><strong>³0</strong></span> <span class='ocrx_word' id='word_1_240' title='bbox 114 2815 251 2880; x_wconf 89' lang='lat' dir='ltr'><strong>curitate</strong></span> <span class='ocrx_word' id='word_1_241' title='bbox 279 2819 312 2880; x_wconf 87' lang='lat' dir='ltr'><strong>et</strong></span> <span class='ocrx_word' id='word_1_242' title='bbox 338 2814 374 2880; x_wconf 93' lang='lat' dir='ltr'><strong>in</strong></span> <span class='ocrx_word' id='word_1_243' title='bbox 401 2816 546 2882; x_wconf 89' lang='lat' dir='ltr'><strong>omnium</strong></span> <span class='ocrx_word' id='word_1_244' title='bbox 573 2816 742 2882; x_wconf 88' lang='lat' dir='ltr'><strong>vacatione</strong></span> <span class='ocrx_word' id='word_1_245' title='bbox 770 2837 940 2880; x_wconf 87' lang='lat' dir='ltr'><strong>munerum</strong></span> <span class='ocrx_word' id='word_1_246' title='bbox 962 2815 1123 2900; x_wconf 87' lang='lat' dir='ltr'><strong>ponimus.</strong></span> 
     </span>
     <span class='ocr_line' id='line_1_32' title="bbox 113 2901 1125 2988; baseline 0.001 -20"><span class='ocrx_word' id='word_1_247' title='bbox 113 2901 233 2970; x_wconf 88' lang='lat' dir='ltr'><strong>Docuit</strong></span> <span class='ocrx_word' id='word_1_248' title='bbox 265 2904 351 2970; x_wconf 88' lang='lat' dir='ltr'><strong>euim</strong></span> <span class='ocrx_word' id='word_1_249' title='bbox 381 2925 442 2970; x_wconf 90' lang='lat' dir='ltr'><strong>nos</strong></span> <span class='ocrx_word' id='word_1_250' title='bbox 469 2903 568 2988; x_wconf 90' lang='lat' dir='ltr'><strong>idem,</strong></span> <span class='ocrx_word' id='word_1_251' title='bbox 601 2904 657 2988; x_wconf 89' lang='lat' dir='ltr'><strong>qui</strong></span> <span class='ocrx_word' id='word_1_252' title='bbox 680 2907 800 2988; x_wconf 85' lang='lat' dir='ltr'><strong>cetera,</strong></span> <span class='ocrx_word' id='word_1_253' title='bbox 826 2907 945 2969; x_wconf 89' lang='lat' dir='ltr'><strong>natura</strong></span> <span class='ocrx_word' id='word_1_254' title='bbox 975 2903 1125 2970; x_wconf 87' lang='lat' dir='ltr'><strong>effectum</strong></span> 
     </span>
     <span class='ocr_line' id='line_1_33' title="bbox 114 2991 1125 3077; baseline 0.004 -23"><span class='ocrx_word' id='word_1_255' title='bbox 114 3013 184 3057; x_wconf 87' lang='lat' dir='ltr'><strong>esse</strong></span> <span class='ocrx_word' id='word_1_256' title='bbox 206 2992 376 3076; x_wconf 89' lang='lat' dir='ltr'><strong>mundum,</strong></span> <span class='ocrx_word' id='word_1_257' title='bbox 405 2993 488 3058; x_wconf 92' lang='lat' dir='ltr'><strong>nihil</strong></span> <span class='ocrx_word' id='word_1_258' title='bbox 511 3013 592 3077; x_wconf 87' lang='lat' dir='ltr'><strong>opus</strong></span> <span class='ocrx_word' id='word_1_259' title='bbox 615 2991 716 3056; x_wconf 87' lang='lat' dir='ltr'><strong>fuisse</strong></span> <span class='ocrx_word' id='word_1_260' title='bbox 738 2991 873 3074; x_wconf 84' lang='lat' dir='ltr'><strong>fabrica,</strong></span> <span class='ocrx_word' id='word_1_261' title='bbox 896 2996 1028 3077; x_wconf 88' lang='lat' dir='ltr'><strong>tamque</strong></span> <span class='ocrx_word' id='word_1_262' title='bbox 1053 3014 1125 3058; x_wconf 89' lang='lat' dir='ltr'><strong>eam</strong></span> 
     </span>
     <span class='ocr_line' id='line_1_34' title="bbox 115 3080 1126 3166; baseline 0.002 -22"><span class='ocrx_word' id='word_1_263' title='bbox 115 3101 181 3144; x_wconf 88' lang='lat' dir='ltr'><strong>rem</strong></span> <span class='ocrx_word' id='word_1_264' title='bbox 206 3101 276 3144; x_wconf 88' lang='lat' dir='ltr'><strong>esse</strong></span> <span class='ocrx_word' id='word_1_265' title='bbox 298 3080 437 3166; x_wconf 87' lang='lat' dir='ltr'><strong>facilem,</strong></span> <span class='ocrx_word' id='word_1_266' title='bbox 460 3103 559 3166; x_wconf 90' lang='lat' dir='ltr'><strong>quam</strong></span> <span class='ocrx_word' id='word_1_267' title='bbox 581 3102 639 3145; x_wconf 86' lang='lat' dir='ltr'><strong>vos</strong></span> <span class='ocrx_word' id='word_1_268' title='bbox 663 3080 749 3146; x_wconf 91' lang='lat' dir='ltr'><strong>effici</strong></span> <span class='ocrx_word' id='word_1_269' title='bbox 770 3081 899 3165; x_wconf 85' lang='lat' dir='ltr'><strong>negatis</strong></span> <span class='ocrx_word' id='word_1_270' title='bbox 924 3080 993 3146; x_wconf 90' lang='lat' dir='ltr'><strong>sine</strong></span> <span class='ocrx_word' id='word_1_271' title='bbox 1016 3080 1126 3147; x_wconf 89' lang='lat' dir='ltr'><strong>divina</strong></span> 
     </span>
     <span class='ocr_line' id='line_1_35' title="bbox 115 3167 1126 3253; baseline 0 -20"><span class='ocrx_word' id='word_1_272' title='bbox 115 3189 211 3251; x_wconf 90' lang='lat' dir='ltr'><strong>posse</strong></span> <span class='ocrx_word' id='word_1_273' title='bbox 239 3169 400 3253; x_wconf 83' lang='lat' dir='ltr'><strong>sollertia,</strong></span> <span class='ocrx_word' id='word_1_274' title='bbox 429 3171 467 3233; x_wconf 91' lang='lat' dir='ltr'><strong>ut</strong></span> <span class='ocrx_word' id='word_1_275' title='bbox 493 3168 740 3234; x_wconf 89' lang='lat' dir='ltr'><strong>innumerabilis</strong></span> <span class='ocrx_word' id='word_1_276' title='bbox 768 3172 887 3233; x_wconf 89' lang='lat' dir='ltr'><strong>natura</strong></span> <span class='ocrx_word' id='word_1_277' title='bbox 914 3168 1052 3234; x_wconf 89' lang='lat' dir='ltr'><strong>mundos</strong></span> <span class='ocrx_word' id='word_1_278' title='bbox 1083 3167 1126 3234; x_wconf 84' lang='lat' dir='ltr'><strong>ef-</strong></span> 
     </span>
     <span class='ocr_line' id='line_1_36' title="bbox 79 3253 1128 3342; baseline 0.003 -24"><span class='ocrx_word' id='word_1_279' title='bbox 79 3253 241 3322; x_wconf 69' lang='lat' dir='ltr'><strong>ascetum</strong></span> <span class='ocrx_word' id='word_1_280' title='bbox 273 3257 329 3340; x_wconf 89' lang='lat' dir='ltr'><strong>sit,</strong></span> <span class='ocrx_word' id='word_1_281' title='bbox 362 3257 495 3341; x_wconf 85' lang='lat' dir='ltr'><strong>efficiat,</strong></span> <span class='ocrx_word' id='word_1_282' title='bbox 529 3256 679 3322; x_wconf 89' lang='lat' dir='ltr'><strong>effecerit.</strong></span> <span class='ocrx_word' id='word_1_283' title='bbox 732 3255 825 3332; x_wconf 81' lang='lat' dir='ltr'><strong>Quod</strong></span> <span class='ocrx_word' id='word_1_284' title='bbox 857 3257 933 3340; x_wconf 90' lang='lat' dir='ltr'><strong>quia</strong></span> <span class='ocrx_word' id='word_1_285' title='bbox 960 3278 1056 3342; x_wconf 89' lang='lat' dir='ltr'><strong>quom</strong></span> <span class='ocrx_word' id='word_1_286' title='bbox 1086 3256 1128 3321; x_wconf 89' lang='lat' dir='ltr'><strong>ad</strong></span> 
     </span>
     <span class='ocr_line' id='line_1_37' title="bbox 115 3345 1128 3431; baseline -0.001 -22"><span class='ocrx_word' id='word_1_287' title='bbox 115 3345 247 3410; x_wconf 89' lang='lat' dir='ltr'><strong>modum</strong></span> <span class='ocrx_word' id='word_1_288' title='bbox 274 3349 394 3410; x_wconf 86' lang='lat' dir='ltr'><strong>natura</strong></span> <span class='ocrx_word' id='word_1_289' title='bbox 422 3345 548 3410; x_wconf 85' lang='lat' dir='ltr'><strong>efficere</strong></span> <span class='ocrx_word' id='word_1_290' title='bbox 577 3345 645 3410; x_wconf 89' lang='lat' dir='ltr'><strong>sine</strong></span> <span class='ocrx_word' id='word_1_291' title='bbox 669 3345 780 3429; x_wconf 87' lang='lat' dir='ltr'><strong>aliqua</strong></span> <span class='ocrx_word' id='word_1_292' title='bbox 802 3349 910 3410; x_wconf 88' lang='lat' dir='ltr'><strong>mente</strong></span> <span class='ocrx_word' id='word_1_293' title='bbox 932 3345 1039 3431; x_wconf 89' lang='lat' dir='ltr'><strong>possit</strong></span> <span class='ocrx_word' id='word_1_294' title='bbox 1061 3366 1128 3408; x_wconf 93' lang='lat' dir='ltr'><strong>non</strong></span> 
     </span>
     <span class='ocr_line' id='line_1_38' title="bbox 116 3430 1128 3520; baseline 0 -24"><span class='ocrx_word' id='word_1_295' title='bbox 116 3430 247 3517; x_wconf 81' lang='lat' dir='ltr'><strong>videtis,</strong></span> <span class='ocrx_word' id='word_1_296' title='bbox 279 3436 316 3497; x_wconf 85' lang='lat' dir='ltr'><strong>ut</strong></span> <span class='ocrx_word' id='word_1_297' title='bbox 347 3433 468 3519; x_wconf 83' lang='lat' dir='ltr'><strong>tragici</strong></span> <span class='ocrx_word' id='word_1_298' title='bbox 499 3437 631 3519; x_wconf 75' lang='lat' dir='ltr'><strong>poitae,</strong></span> <span class='ocrx_word' id='word_1_299' title='bbox 659 3455 732 3498; x_wconf 92' lang='lat' dir='ltr'><strong>cum</strong></span> <span class='ocrx_word' id='word_1_300' title='bbox 756 3434 917 3520; x_wconf 84' lang='lat' dir='ltr'><strong>explicare</strong></span> <span class='ocrx_word' id='word_1_301' title='bbox 942 3432 1128 3518; x_wconf 86' lang='lat' dir='ltr'><strong>argumenti</strong></span> 
     </span>
    </p>
   </div>
   <div class='ocr_carea' id='block_1_3' title="bbox 0 0 1312 3880">
    <p class='ocr_par' dir='ltr' id='par_1_3' title="bbox 0 0 1312 3880">
     <span class='ocr_line' id='line_1_39' title="bbox 0 0 1312 3880; baseline 0 0"><span class='ocrx_word' id='word_1_302' title='bbox 0 0 1312 3880; x_wconf 95' lang='lat' dir='ltr'><strong> </strong></span> 
     </span>
    </p>
   </div>
  </div>
 </body>
</html>
