2596 3882
190 162 255 226 274
548 159 597 216 Du
615 159 663 213 RE
681 157 838 215 PUBLICA

189 306 288 391 longe
307 304 388 369 duco
408 304 569 389 sapientia
586 304 659 389 ipsa
677 325 747 368 esse
762 303 1013 387 anteponendos.
1040 301 1085 368 Et
1100 324 1202 386 quon·

189 393 256 458 iam
283 393 423 457 maxime
449 393 595 477 rapimur
623 392 664 456 ad
692 413 769 476 opes
798 392 962 477 augendas
991 390 1118 476 generis
1141 390 1201 454 hu·

190 481 279 546 mani
302 481 532 566 studemusque
553 479 676 545 nostris
699 478 843 545 consiliis
864 483 897 544 et
915 479 1082 544 laboribus
1100 479 1201 542 tutio-

189 591 259 634 rem
287 572 320 633 et
348 569 585 653 opulentiorem
612 568 715 633 vitam
741 567 911 632 hominum
936 567 1069 631 reddere
1097 571 1130 631 et
1158 567 1200 631 ad

189 685 218 738 p.
238 660 302 738 rac]
330 657 414 722 hanc
434 657 439 740 1
459 657 663 741 voluptatem
688 655 791 740 ipsius
817 659 955 720 naturae
982 654 1124 719 stimulis
1150 654 1200 718 in·
1225 671 1242 714 s

191 745 337 829 citamur,
354 749 522 810 teneamus
541 766 615 809 eum
633 765 772 826 cursum,
790 743 846 827 qui
864 765 991 828 semper
1004 742 1067 807 fuit
1081 742 1199 827 optimi

190 833 353 918 cuiusque,
374 853 478 917 neque
501 854 540 897 ea
563 831 658 918 signa
680 831 857 915 audiamus,
881 853 963 915 quae
985 831 1130 915 receptui
1148 852 1200 896 ca·

189 925 281 1004 nunt,
303 924 342 985 ut
364 942 419 986 eos
443 920 542 984 etiam
564 923 725 1003 revocent,
748 919 803 1003 qui
826 919 892 984 iam
913 919 1140 1004 processerint.

149 982 172 1108 ¹3,
256 1008 318 1073 His
345 1008 527 1072 rationibus
555 1011 624 1071 tam
652 1007 748 1072 certis
771 1011 904 1091 tamque
926 1007 1120 1071 inlustribus
1143 1028 1201 1092 op-

189 1100 354 1182 ponuntur
377 1096 492 1180 abiis,
520 1096 576 1180 qui
598 1099 713 1161 contra
736 1095 918 1179 disputant,
943 1095 1086 1179 primum
1109 1095 1243 1161 labo-10

190 1207 255 1269 res,
285 1184 340 1268 qui
370 1183 436 1247 sint
462 1205 498 1248 re
524 1183 656 1269 publica
683 1182 880 1248 defendenda
903 1183 1096 1266 sustinendi,
1126 1183 1200 1248 leve

191 1295 268 1337 sane
294 1271 550 1356 inpedimentum
577 1271 730 1358 vigilanti
758 1275 791 1336 et
818 1271 993 1355 industrio,
1020 1292 1125 1354 neque
1148 1292 1200 1336 so·

190 1389 217 1440 p.
236 1363 284 1442 91]
302 1360 370 1424 lum
391 1361 395 1445 l
415 1360 450 1424 in
471 1360 573 1424 tantis
596 1360 702 1443 rebus,
726 1359 781 1424 sed
804 1359 904 1424 etiam
925 1359 960 1423 in
982 1358 1200 1424 mediocribus

191 1449 243 1514 vel
270 1448 386 1513 studiis
414 1449 467 1512 vel
497 1447 611 1513 officiis
642 1449 694 1512 vel
725 1468 801 1512 vero
830 1447 928 1512 etiam
955 1447 1097 1533 negotiis
1125 1469 1200 1513 con-

190 1535 406 1602 temnendum.
438 1535 669 1622 Adiunguntur
686 1535 830 1620 pericula
850 1535 946 1619 vitae,
964 1535 1135 1620 turpisque
1155 1536 1199 1600 ab
1215 1552 1242 1592 1⁵

190 1626 242 1690 bis
260 1624 399 1690 formido
413 1624 529 1690 mortis
547 1624 688 1689 fortibus
702 1623 781 1689 viris
796 1623 980 1708 opponitur,
999 1623 1116 1708 quibus
1131 1646 1201 1689 ma·

191 1714 241 1799 gis
260 1712 294 1776 id
312 1713 467 1788 miserum
480 1711 582 1777 videri
595 1713 688 1795 solet,
701 1715 820 1776 natura
834 1732 869 1776 se
883 1711 1029 1777 consumi
1043 1714 1077 1776 et
1090 1733 1200 1778 senec·

190 1805 270 1885 tute,
285 1823 382 1885 quam
396 1800 459 1864 sibi
473 1799 544 1865 dari
557 1802 695 1884 tempus,
709 1803 746 1863 ut
759 1799 887 1885 possint
901 1821 973 1864 cam
987 1800 1100 1884 vitam,
1114 1821 1200 1884 quae

191 1893 301 1954 tamen
323 1891 409 1953 esset
431 1887 592 1953 reddenda
613 1891 758 1972 naturae,
780 1909 840 1972 pro
863 1887 972 1972 patria
989 1887 1199 1972 potissimum

190 1977 330 2042 reddere.
380 1974 442 2041 Illo
479 1997 555 2041 vero
593 1997 627 2039 se
663 1976 734 2040 loco
771 1975 920 2059 copiosos
957 1978 990 2039 et
1022 1975 1161 2042 disertos
1192 1973 1241 2064 ΙΝ

190 2095 217 2146 p.
237 2068 284 2146 aa]
308 2068 435 2150 putant,
458 2086 531 2128 cnm
554 2063 757 2128 calamitates
781 2063 1035 2128 clarissimorum
1052 2064 1199 2129 virorum

190 2153 389 2237 iniuriasque
411 2152 451 2215 iis
475 2152 516 2216 ab
540 2151 679 2236 ingratis
701 2151 862 2235 inpositas
885 2151 1010 2216 civibus
1029 2151 1199 2238 colligunt.

157 2241 275 2306 oHinc
298 2241 383 2304 enim
406 2240 465 2303 illa
490 2243 523 2303 et
546 2239 631 2324 apud
654 2237 794 2305 Graecos
818 2240 978 2324 exempla,
1005 2239 1197 2324 Miltiadem,

190 2330 346 2395 victorem
364 2327 620 2412 domitoremque
633 2326 815 2411 Persarum,
832 2328 975 2392 nondum
994 2327 1117 2392 sanatis
1130 2329 1198 2393 vol-

190 2417 321 2482 neribus
344 2416 395 2499 iis,
417 2438 500 2500 quae
522 2437 656 2501 corpore
680 2417 814 2480 adverso
837 2415 872 2478 in
894 2415 1076 2480 clarissima
1097 2416 1198 2481 victo·
1212 2433 1239 2472 2⁵

190 2506 240 2570 ria
272 2505 462 2589 accepisset,
493 2504 596 2569 vitam
628 2525 667 2568 ex
695 2504 841 2569 hostium
869 2503 945 2568 telis
973 2507 1136 2568 servatam
1162 2505 1197 2568 in

191 2594 310 2660 civium
322 2593 438 2658 vinclis
452 2592 642 2677 profudisse,
657 2594 690 2655 et
701 2590 953 2656 Themistoclem
967 2592 1083 2676 patria,
1099 2614 1198 2677 quam

190 2711 218 2762 p.
238 2685 285 2763 73]
313 2680 531 2764 liberavisset,
557 2679 688 2765 pulsum
711 2683 808 2763 atque
830 2677 1051 2765 proterriltum
1072 2701 1139 2744 non
1162 2680 1197 2744 in

192 2769 345 2835 Graeciae
368 2772 481 2853 portus
504 2789 619 2853 perse
643 2771 802 2849 servatos,
826 2766 882 2830 sed
904 2767 939 2831 in
961 2768 1132 2833 barbariae
1156 2768 1197 2832 si·

189 2879 251 2922 nus
284 2856 481 2942 confugisse,
514 2877 611 2940 quam
643 2854 825 2938 adflixerat3
856 2876 915 2920 nee
943 2877 1020 2921 vero
1051 2857 1196 2921 levitatis
1211 2873 1237 2912 ³⁰

191 2945 438 3009 Atheniensium
462 2941 725 3026 crudelitatisque
748 2943 783 3006 in
805 2942 1024 3028 amplissimos
1048 2943 1127 3009 ciris
1146 2966 1198 3009 ex·

191 3033 299 3117 ampla
326 3031 490 3114 deficiunt3
518 3053 599 3115 quae
627 3034 706 3094 nata
729 3034 762 3094 et
783 3030 990 3115 frequentata
1012 3032 1097 3116 apud
1120 3032 1197 3098 illos

192 3121 290 3184 etiam
326 3120 361 3184 in
397 3119 634 3206 gravissumam
671 3118 836 3183 civitatem
867 3124 1015 3184 nostram
1047 3118 1197 3184 dicuntur

154 3208 399 3292 credundesse3
420 3230 497 3272 nam
516 3208 568 3272 vel
587 3207 719 3271 exilium
737 3204 868 3272 Camilli
886 3208 938 3272 vel
958 3207 1092 3272 offensio
1111 3229 1197 3272 com·

191 3299 389 3360 memoratur
416 3295 543 3360 Ahalae
573 3295 626 3359 vel
656 3293 778 3358 invidia
804 3292 942 3359 Nasicae
969 3296 1021 3359 vel
1049 3295 1195 3379 expulsio
1210 3311 1236 3351 ³⁵

190 3411 217 3462 p.
238 3385 284 3463 74]
307 3381 460 3446 Laenatis
483 3383 535 3447 vel
551 3381 671 3465 Opimii
690 3381 695 3463 Ι
716 3380 880 3446 damnatio
902 3382 954 3446 vel
976 3382 1056 3468 fuga
1069 3381 1196 3447 Metelli

190 3470 243 3534 vel
270 3469 479 3534 acerbissima
506 3467 540 3534 O.
561 3468 657 3532 Marii
684 3469 791 3533 clades
817 3468 1056 3554 principumque
1081 3470 1195 3534 caedes
