2610 3894
338 155 406 214 mss.
426 155 474 210 111,
494 155 571 212 CAP.
590 163 703 213 aa-sr.
727 163 876 224 §es-er.
1049 157 1112 221 127

100 294 180 363 Iove
203 301 237 363 et
253 297 451 385 Proserpina
471 304 595 386 natum,
618 299 793 370 secundum
806 299 894 386 Nilo,
917 301 972 386 qni
985 299 1112 386 Nysam

102 385 222 450 dicitur
243 387 457 472 interemisse,
479 389 613 454 tertium
636 387 755 455 Cabiro
778 393 881 474 patre,
904 411 1041 473 eumque
1064 403 1135 454 rev

102 494 177 560 gem
201 473 301 540 Asiae
327 477 507 561 praefuisse
534 477 659 560 dicunt,
686 478 738 544 cui
761 475 898 543 Sabazia
921 481 998 542 sunt
1019 479 1111 542 insti·
1230 523 1235 534 ·

101 564 184 646 tuta,
208 568 360 647 quartum
377 563 455 630 Iove
478 568 512 631 et
528 564 630 649 Luna,
652 565 704 631 cui
727 587 819 631 sacra
833 565 975 651 Orphica
997 570 1112 651 putan-

75 653 157 714 stur
184 651 310 737 confici,
343 652 493 736 quintum
515 652 597 718 Niso
623 657 738 719 natum
765 657 800 718 et
822 652 970 739 Thyone,
999 676 1019 719 a
1047 675 1111 739 quo

100 737 297 806 Tristerides
320 740 517 806 constitutae
539 745 705 826 putantur.
750 740 861 807 Venus
883 743 991 827 prima
1013 740 1111 808 Caelo
1131 754 1166 804 59

101 831 134 892 et
161 826 224 915 Dio
255 832 347 914 nata,
379 830 469 895 cuius
496 829 591 896 Elide
623 829 793 896 delubrum
821 831 975 914 vidimus,
1007 831 1113 896 altera

101 937 219 1000 spuma
245 921 429 1003 procreata,
457 939 496 983 ex
523 940 588 1002 qua
610 921 644 984 et
665 917 826 984 Mamurio
850 917 1042 1004 Cupidinem
1065 939 1112 984 se·

102 1005 243 1069 cundum
264 1010 379 1070 natum
402 1006 593 1091 accepimus,
617 1007 717 1071 tertia
738 1005 817 1071 Iove
838 1010 918 1072 nata
940 1010 974 1072 et
995 1006 1112 1091 Diona,

64 1109 89 1148 ιο
103 1113 186 1176 quae
213 1094 327 1179 nupsit
348 1093 510 1179 Volcano,
540 1095 596 1159 sed
619 1115 658 1159 ex
680 1115 719 1159 ea
741 1098 775 1160 et
798 1093 904 1160 Marte
925 1097 1023 1160 natus
1046 1094 1113 1159 An·

100 1183 190 1245 teros
219 1181 349 1266 dicitur,
377 1186 495 1266 quarta
518 1179 613 1267 Syria
634 1179 806 1268 Cyproque
832 1186 1001 1268 concepta,
1022 1204 1113 1268 quae
1211 1258 1213 1263 ¹

100 1267 238 1334 Astarte
260 1274 404 1355 vocatur,
427 1291 525 1354 quam
541 1268 684 1335 Adonidi
700 1270 851 1357 nupsisse
868 1271 1033 1356 proditum
1053 1274 1118 1344 est1

100 1357 250 1423 Minerva
277 1358 397 1443 prima,
427 1379 525 1442 quam
547 1358 712 1444 Apollinis
740 1363 880 1424 matrem
907 1380 1008 1444 supra
1034 1359 1113 1422 dixi·

101 1467 185 1529 mus,
210 1446 352 1511 secunda
375 1451 448 1512 orta
465 1445 553 1530 Nilo,
576 1468 674 1531 quam
692 1446 849 1532 Aegyptii
863 1444 972 1512 Saitae
990 1447 1113 1532 colunt,

63 1549 88 1590 1⁵
102 1534 203 1599 tertia
234 1533 305 1619 illa,
336 1556 434 1619 quam
464 1556 485 1601 a
510 1534 588 1601 Iove
620 1539 810 1620 generatam
836 1557 936 1620 supra
963 1535 1112 1619 diximus,

11 1701 12 1706 γ
102 1625 222 1706 quarta
243 1621 321 1687 Iove
342 1626 423 1688 nata
445 1626 479 1688 et
501 1621 664 1709 Coryphe,
687 1622 806 1688 Oceani
828 1622 907 1708 filia,
931 1641 1029 1708 quam
1051 1623 1113 1687 Ar·

11 1723 12 1804 ᾗ
102 1711 198 1776 cades
223 1713 258 1775 K
258 1714 355 1794 ορίαν
381 1710 553 1777 nominant
580 1716 614 1776 et
640 1711 872 1798 quadrigarum
899 1711 1113 1776 inventricem

11 1823 12 1835 ¹
73 1857 77 1863 .
101 1798 221 1900 ferunt,
235 1799 349 1882 quinta
357 1798 528 1883 Pallantis,
542 1819 624 1884 quae
637 1804 765 1885 patrem
779 1799 1112 1901 diciturinteremisse

64 1889 919 2062 20Ambustumstulttlithtuht
938 1908 1114 2040 illidat
1132 1988 1167 2039 a
1211 2066 1212 2069 ψ

102 2064 211 2148 prima
231 2068 329 2129 natus
353 2064 479 2148 dicitur,
501 2065 658 2129 secundus
681 2063 841 2130 Mercurio
865 2067 899 2129 et
916 2061 1043 2129 Venere
1066 2085 1113 2128 se-

103 2153 217 2237 cunda,
239 2152 366 2241 tertius,
389 2152 445 2237 qui
466 2152 553 2217 idem
573 2155 624 2216 eet
641 2152 793 2238 Anteros,
815 2151 921 2217 Marte
940 2156 973 2217 et
986 2150 1113 2217 Venere

103 2240 211 2306 tertia.
255 2240 365 2324 Atque
389 2241 470 2306 haee
493 2241 622 2325 quidem
645 2240 773 2324 aliaque
796 2241 865 2306 eius
888 2240 977 2305 modi
1000 2261 1040 2305 ex
1061 2261 1113 2305 ve-

103 2331 172 2394 tere
201 2326 356 2394 Graeciae
387 2328 476 2394 fama
507 2328 645 2394 collecta
676 2331 765 2412 eunt,
798 2329 914 2412 quibus
946 2327 1112 2412 intellegis

64 2429 90 2472 ²⁵
104 2417 321 2482 resistendum
343 2437 427 2501 esse,
455 2439 496 2482 ne
518 2417 751 2501 perturbentur
773 2416 956 2503 religiones.
1000 2414 1114 2480 Vestri

104 2509 215 2570 autem
245 2527 313 2570 non
344 2505 439 2571 modo
471 2505 551 2571 haec
579 2527 647 2571 non
675 2504 841 2588 refellunt,
872 2525 986 2570 verum
1013 2503 1112 2568 etiam

102 2594 298 2660 confirmant
320 2593 578 2679 interpretando,
601 2614 755 2677 quorsum
779 2593 920 2677 quidque
941 2591 1112 2676 pertineat.

104 2679 167 2748 Sed
191 2701 229 2746 eo
251 2682 327 2767 iam,
349 2682 433 2746 unde
455 2682 518 2748 huo
541 2681 681 2766 digressi
703 2701 824 2766 sumus,
845 2683 1056 2745 revertamur.
1144 2728 1166 2790 4

171 2769 260 2835 Num
282 2791 393 2836 censes
415 2770 517 2856 igitur
541 2770 712 2835 subtiliore
735 2769 862 2834 ratione
880 2788 963 2852 opus
982 2787 1052 2831 esse
1072 2767 1113 2832 ad
1132 2805 1165 2854 31

67 2858 185 2924 ahaec
207 2857 406 2924 refellenda?
451 2857 538 2924 Nam
560 2862 715 2942 mentem,
741 2857 851 2941 fidem,
880 2877 986 2941 spem,
1012 2855 1112 2920 virtu·

104 2949 181 3031 tem,
204 2947 369 3031 honorem,
392 2947 572 3031 victoriam,
595 2948 744 3031 salutem,
767 2943 971 3011 concordiam
994 2946 1114 3009 cetera

105 3057 167 3119 que
187 3034 255 3100 eius
274 3035 363 3100 modi
380 3057 488 3101 rerum
503 3036 571 3101 vim
584 3035 705 3100 habere
718 3033 874 3118 videmus,
891 3055 958 3099 non
971 3032 1113 3098 deorum.

104 3121 173 3188 Aut
195 3123 282 3188 enim
304 3122 339 3188 in
360 3123 523 3189 nobismet
545 3125 657 3188 insunt
678 3122 768 3208 ipsis,
791 3125 829 3186 ut
846 3143 947 3205 mens,
969 3124 1007 3186 ut
1030 3142 1113 3206 spes,

104 3214 142 3276 ut
163 3211 259 3294 fides,
285 3214 323 3276 ut
345 3210 463 3296 virtus,
486 3214 525 3277 ut
547 3211 731 3294 concordia,
754 3213 811 3275 aut
834 3210 997 3295 optandae
1017 3209 1113 3275 nobis

67 3311 91 3354 ⁸⁶
106 3303 195 3382 sunt,
222 3301 261 3365 ut
282 3299 401 3383 honos,
423 3302 461 3364 ut
483 3300 585 3383 salus,
607 3303 645 3365 ut
666 3298 817 3382 victoria,
846 3320 984 3383 quarum
1006 3319 1114 3362 rerum

105 3386 285 3454 utilitatem
316 3387 424 3472 video,
455 3387 548 3453 video
582 3387 682 3453 etiam
713 3391 901 3453 consecrata
928 3387 1115 3470 simulacra3

106 3497 206 3562 quare
229 3478 339 3540 autem
361 3475 396 3540 in
418 3474 459 3541 iis
481 3475 532 3542 ris
555 3475 688 3540 deorum
711 3473 799 3560 insit,
822 3479 892 3541 tum
914 3474 1114 3558 intellegam,
