2566 3876
347 158 415 215 LIB.
435 158 456 216 I.
481 157 557 215 cAP.
577 165 691 216 20—22.
715 164 864 226 §ca-58.
1039 159 1105 224 401

91 303 236 389 quinque
265 306 363 390 pedes
394 325 464 369 esse
489 304 678 388 noluemnt,
707 303 837 388 depasci
863 306 1006 368 veterem
1033 325 1107 388 pos·

93 393 274 458 sessionem
297 391 491 458 Academiae
515 391 556 456 ab
579 391 642 457 hoc
665 395 760 457 acuto
783 391 915 457 homine
936 413 1004 457 non
1024 393 1106 457 sine-

90 503 165 546 mus
191 502 253 546 nec
274 479 422 546 Mamilia
449 480 523 566 lege
545 480 681 565 singuli,
706 479 762 545 sed
784 501 802 544 e
825 497 876 544 x11
898 483 967 544 tres
989 479 1107 545 arbitri

90 569 168 633 finis
197 589 358 654 regemus.
404 568 439 649 Q.
467 567 648 644 Quamnam
677 567 779 653 igitur
807 568 1002 633 sententiam
1030 567 1106 633 dici·
1125 583 1159 633 cs

62 656 188 722 smus?
236 657 283 728 Μ
310 655 446 740 Requiri
477 656 606 740 placere
637 655 809 739 terminos,
842 677 923 740 quos
955 653 1106 722 Socrates

88 743 230 831 pegerit,
252 744 358 829 iisque
379 765 503 829 parcre.
541 744 575 825 Q.
597 743 777 828 Praeclare,
799 743 911 827 frater,
931 744 999 810 iam
1020 766 1107 810 nunc

89 855 111 897 a
133 838 169 897 te
192 832 295 898 verba
316 835 516 917 usurpantur
538 831 643 897 civilis
666 831 746 896 iuris
770 836 804 897 ct
826 833 950 918 legum,
979 853 1042 918 quo
1067 833 1106 898 dc

89 942 211 1007 genere
234 924 369 1004 expecto
392 920 646 1005 disputationem
669 923 775 1004 tuam,
795 942 874 985 nam
891 921 958 985 ista
976 919 1107 1005 quidem

88 1030 214 1095 magna
240 1007 429 1074 diiudicatio
457 1012 521 1091 est,
548 1012 586 1072 ut
613 1029 653 1073 ex
679 1013 713 1072 te
739 1008 812 1092 ipso
840 1030 936 1093 saepe
958 1009 1106 1095 cognovi

49 1116 75 1154 ιο
89 1095 155 1162 Sed
178 1100 267 1162 certe
288 1097 338 1161 ita
360 1117 413 1161 res
436 1117 471 1160 se
493 1096 606 1180 habet,
628 1099 667 1161 ut
689 1118 728 1160 ex
749 1101 868 1162 natura
890 1097 998 1162 vivere
1022 1119 1106 1162 sum-

88 1208 182 1250 mum
209 1185 333 1250 bonum
362 1183 419 1268 sit,
446 1183 479 1249 id
507 1187 557 1248 est
585 1183 654 1249 vita
676 1184 804 1250 modica
827 1189 860 1250 et
883 1190 962 1271 apta
984 1186 1106 1252 virtute

87 1273 217 1358 perfrui
244 1276 302 1338 aut
328 1276 481 1337 naturam
508 1273 600 1356 sequi
627 1273 752 1337 eteius
776 1273 1107 1360 quasilegevivcre,

86 1363 122 1426 id
146 1365 200 1426 est
222 1361 317 1444 nihil,
339 1364 499 1445 quantum
520 1360 650 1445 inipso
673 1361 726 1444 sit,
748 1361 1018 1446 praetermittere,
1041 1381 1106 1447 quo

86 1450 200 1514 minus
228 1471 280 1534 ea,
311 1470 394 1534 quae
420 1452 541 1514 natura
565 1449 725 1534 postulet,
756 1452 987 1533 consequatur,
1019 1449 1107 1535 quod

48 1553 74 1594 1⁵
87 1539 178 1604 inter
207 1536 289 1604 hacc
316 1537 397 1603 volit
426 1537 547 1602 virtute
574 1541 743 1621 tamquam
765 1537 839 1623 lage
861 1537 978 1604 uivere.
1024 1537 1107 1614 Qua·

86 1628 227 1712 propter
253 1625 317 1691 hoc
343 1625 513 1690 diiudicari
538 1625 648 1690 nescio
676 1647 719 1689 an
744 1646 937 1710 numquam,
965 1625 1022 1691 sed
1043 1627 1107 1694 hoc

87 1735 241 1780 sermone
264 1717 353 1780 certe
375 1735 442 1780 non
463 1716 587 1798 potest,
611 1713 771 1797 siquidem
791 1713 835 1797 id,
857 1714 944 1798 quod
967 1715 1107 1802 suscepi·

87 1824 175 1887 mus,
198 1801 376 1887 perfecturi
399 1823 519 1866 sumus.
1116 1855 1161 1920 22

156 1891 235 1956 Ara
258 1889 306 1954 At
331 1910 393 1975 ego
415 1889 479 1954 huc
501 1889 717 1972 declinabam,
744 1911 805 1955 nec
826 1889 959 1955 invitus.
997 1891 1031 1971 Q.
1054 1890 1106 1956 Li·
1124 1933 1158 1982 57

47 1997 72 2036 20
86 1979 178 2045 cebit
206 1977 304 2062 alias,
334 1999 421 2042 nunc
447 1977 481 2041 id
508 1998 658 2063 agamus,
684 1977 771 2062 quod
800 1978 979 2064 coepimus,
1006 2001 1106 2063 quom
1147 2045 1153 2063 ,

86 2066 287 2153 praesertim
310 2066 352 2131 ad
374 2065 408 2130 id
429 2065 513 2130 nihil
533 2065 696 2150 pertineat
713 2064 795 2131 hacc
812 2067 852 2131 de
871 2088 998 2132 summo
1017 2068 1105 2134 malo

87 2157 243 2241 bonoque
271 2153 438 2218 dissensio.
483 2154 532 2218 M.
554 2152 823 2238 Prudentisaime,
850 2152 983 2238 Qiuntc,
1012 2155 1105 2242 dicis3

85 2267 166 2309 nam
195 2264 279 2328 quae
306 2264 328 2306 a
354 2263 406 2307 me
434 2240 539 2306 adhuc
566 2241 751 2306 dictasunt
756 2292 854 2326 .....
895 2243 930 2324 Q.
952 2237 1022 2308 Nec
1044 2243 1106 2329 Ly-

89 2331 186 2418 curgi
209 2331 300 2416 leges
322 2351 427 2413 neque
446 2327 576 2394 Solonis
598 2351 702 2413 neque
721 2328 911 2400 Charondae
927 2352 1033 2415 neque
1047 2331 1105 2397 Za·

46 2436 74 2478 2⁵
87 2419 174 2486 leuci
210 2440 271 2484 nec
306 2421 438 2483 nostras
474 2417 642 2482 duodecim
677 2418 808 2483 tabulas
840 2440 900 2484 nec
931 2419 1105 2504 plebiscita

65 2508 254 2591 desidero,
284 2506 341 2571 sed
368 2509 401 2570 te
429 2505 580 2570 existimo
608 2527 706 2590 quom
733 2507 876 2591 populis,
906 2510 977 2571 tum
1005 2508 1105 2573 etiam

87 2594 231 2684 singulis
269 2594 427 2660 hodierno
463 2596 612 2659 sermone
650 2594 740 2679 leges
776 2593 905 2660 vivendi
941 2599 975 2661 et
1012 2596 1105 2662 disci·

86 2685 216 2771 plinam
251 2683 413 2748 daturum.
461 2682 510 2747 Μ.
532 2680 595 2746 Est
624 2681 721 2746 huius
753 2703 830 2747 vero
862 2682 1103 2769 disputationis,
1121 2697 1157 2747 cs

87 2771 226 2856 Quinte,
257 2770 427 2857 proprium
457 2769 505 2852 id,
537 2769 624 2853 quod
655 2773 819 2855 expectas,
852 2774 949 2855 atque
977 2772 1104 2838 utinam

46 2864 178 2928 coesset
205 2859 308 2924 etiam
334 2858 503 2924 facultatis
527 2859 631 2922 meae!
668 2855 730 2923 Sed
753 2858 900 2942 profecto
922 2859 971 2923 ita
993 2881 1028 2925 se
1051 2881 1103 2926 res

86 2950 201 3033 habet,
223 2951 271 3031 ut,
291 2946 446 3032 quoniam
463 2945 618 3010 vitiorum
637 2946 888 3012 emendatricem
907 2946 1013 3033 legem
1032 2970 1103 3014 csse

87 3039 223 3124 oportet
250 3034 619 3122 commendatricemquc
646 3034 818 3118 virtutum,
848 3035 890 3099 ab
914 3057 953 3101 ea
974 3036 1104 3102 vivendi

87 3125 240 3192 doctrina
262 3124 407 3188 ducatur.
443 3121 496 3186 Ita
519 3121 566 3205 fit,
588 3126 626 3186 ut
648 3125 754 3186 mater
776 3123 922 3187 omnium
942 3125 1103 3191 bonarum

86 3235 199 3280 rerum
217 3213 261 3277 sit
277 3210 448 3296 sapientia,
470 3231 490 3274 a
508 3210 624 3293 quoius
643 3232 753 3275 amore
772 3209 895 3276 Graeco
915 3213 1014 3278 verbo
1033 3213 1103 3297 phi·

46 3321 73 3362 cs
88 3300 246 3387 loaophia
267 3320 388 3364 nomen
409 3298 544 3381 invenit,
567 3320 631 3382 qua
653 3298 736 3362 nihil
760 3319 780 3362 a
803 3299 853 3362 dis
871 3299 1102 3366 inmortalibus

85 3390 237 3472 uberius,
263 3387 347 3451 nihil
370 3386 554 3468 florentius,
575 3385 660 3450 nihil
681 3387 911 3471 praestabilius
933 3388 1102 3454 hominum

85 3480 176 3546 vitae
203 3477 320 3540 datum
346 3477 407 3539 est.
446 3473 536 3538 Haec
563 3473 649 3538 enim
676 3495 741 3538 una
769 3495 829 3540 nos
855 3497 954 3560 quom
977 3482 1101 3543 ceteras

140 3597 254 3641 010.1v.
273 3598 286 3636 2
856 3586 890 3634 26
