2610 3894
317 171 386 227 ΜΒ.
404 173 439 228 11.
465 171 542 228 cap.
563 179 676 228 rc-ar.
701 177 849 238 §re-aa.
1048 173 1092 240 65

69 321 181 386 multa
208 318 406 385 mirabiliter
429 317 570 384 efficiens
593 320 666 383 tum
689 316 919 402 antecedendo,
949 320 1091 383 tumre

69 407 246 492 tardando,
265 411 336 472 tum
353 406 549 492 vespertinis
562 405 766 492 temporibus
781 405 1001 490 delitiscendo,
1018 409 1091 472 tum

70 496 249 562 matutinis
272 516 404 560 rursum
427 515 461 560 se
485 494 673 580 aperiendo,
701 493 786 558 nihil
808 493 951 558 inmutat
974 495 1091 579 sempi-

70 585 179 652 ternis
208 583 391 649 saeclorum
418 583 597 666 aetetibus,
631 582 710 668 quin
737 582 859 664 eadem¹
879 582 985 648 isdem
1011 585 1091 649 tem·

42 673 213 759 aporibus
243 671 373 738 efficiat,
418 669 509 737 Infra
539 674 649 736 autem
677 671 763 736 hanc
791 670 927 756 propius
955 674 1093 737 eterra

71 762 164 828 Iovis
189 761 288 826 stella
310 760 427 845 fertur,
456 781 538 844 quae
565 759 710 825 Φαέθων
734 759 865 842 dieitur,
893 781 994 845 eaque
1017 782 1092 825 eun·

72 852 150 916 dem
178 867 231 915 ΧΠ
258 849 286 914 si
311 870 428 914 norum
456 849 569 914 orbem
596 848 689 913 annis
718 865 768 913 ΧΠ
796 847 926 914 conficit
950 847 1092 913 easdem·

72 961 152 1024 que,
187 959 268 1023 quas
288 870 426 1003 {aterni
457 937 569 1021 stella,
601 935 702 1002 efficit
728 935 764 1000 in
786 957 883 1002 cursu
904 936 1091 1002 varietates.

70 1026 162 1093 Huic
177 1029 287 1092 autem
299 1025 486 1111 proximum
498 1025 686 1092 inferiorem
700 1024 813 1090 orbem
826 1026 917 1090 tenet
930 1021 1090 1111 Πυρόεις,
1109 1041 1144 1092 53

29 1142 57 1179 ιο
73 1137 160 1201 quae
189 1115 287 1180 stella
308 1113 426 1180 Martis
450 1113 648 1199 appellatur,
677 1134 778 1198 eaque
800 1131 853 1178 1111
876 1116 910 1178 et
931 1131 982 1178 xx
1004 1135 1092 1179 men·

74 1205 168 1270 sibus
192 1221 239 1288 vl,
261 1206 299 1268 ut
322 1202 446 1287 opinor,
470 1202 582 1268 diebus
605 1203 712 1267 minus
737 1201 873 1266 eundem
896 1202 1019 1267 lustrat
1042 1223 1092 1268 or·

72 1295 162 1376 bem,
186 1313 282 1376 quem
306 1291 387 1357 duae
411 1291 603 1376 superiores.
638 1289 730 1354 infra
752 1290 838 1356 hanc
860 1293 970 1354 autem
994 1291 1092 1356 stella

73 1380 233 1446 Mercurii
255 1383 319 1464 est,
342 1402 381 1445 ea
404 1381 560 1462 Στίλβων
584 1379 771 1465 appellatur
794 1401 815 1444 a
837 1376 985 1463 Graecis,
1009 1399 1091 1464 quae

73 1491 163 1535 anno
186 1468 254 1533 fere
277 1471 425 1534 vertente
448 1467 641 1555 signiferum
663 1466 786 1532 lustrat
808 1467 922 1532 orbem
943 1489 1049 1553 neque
1073 1490 1092 1532 a

31 1581 58 1621 15
74 1559 147 1624 sole
176 1556 307 1644 longius
335 1578 492 1642 umquam
518 1557 614 1622 unius
642 1555 730 1642 signi
756 1555 933 1622 intervallo
957 1555 1093 1622 discedit

73 1653 148 1712 tum
178 1648 399 1730 antevertens,
426 1647 498 1710 tum
526 1644 735 1730 subsequens.
779 1642 898 1709 Infima
924 1648 975 1710 est
1003 1643 1093 1730 quin·

75 1757 140 1820 que
165 1733 346 1799 errantium
368 1737 539 1819 terraeque
557 1733 708 1818 proxima
728 1731 826 1798 stella
839 1731 986 1817 Veneris,
1010 1754 1092 1818 quae

21 1867 22 1870 =
77 1818 269 1908 Φωσφόρος
293 1820 427 1906 Graece,
456 1820 585 1903 Lucifer
607 1819 724 1886 Latine
748 1820 880 1905 dicitur,
908 1843 982 1886 cum
1047 1825 1093 1887 te·

74 1911 227 2000 greditur
250 1911 365 1996 solem,
388 1933 462 1976 cum
485 1910 694 1995 subsequitur
717 1913 841 1992 autem,
855 1905 1031 1995 “anepoo3
1054 1932 1093 1976 ee

32 2023 60 2062 rc
75 2021 211 2068 cursum
235 2021 320 2065 anno
344 1999 473 2065 conficit
496 2002 530 2064 et
552 1997 760 2064 latitudinem
779 1998 925 2063 lustrans
943 1997 1093 2085 signiferi

74 2090 168 2156 orbis
199 2090 234 2152 et
255 2087 507 2174 longitudinem,
536 2087 623 2173 quod
644 2086 730 2151 idem
753 2085 879 2152 faciunt
902 2087 1018 2152 stellae
1041 2109 1093 2153 su·

72 2178 237 2264 periores,
268 2197 371 2262 neque
403 2197 559 2261 umquam
590 2176 632 2241 ab
661 2175 730 2240 sole
758 2174 895 2240 duorum
922 2175 1093 2264 signorum

72 2265 255 2332 intervallo
282 2264 413 2352 longius
442 2264 578 2330 discedit
604 2267 676 2330 tum
700 2263 900 2349 antecedens,
923 2266 995 2329 tum
1018 2265 1092 2330 sub·

73 2375 228 2440 sequens.
281 2351 376 2419 Hanc
405 2353 508 2439 igitur
539 2352 575 2417 in
604 2351 711 2418 stellis
743 2352 975 2436 constantiam,
1007 2325 1145 2450 hane25}

34 2465 59 2503 25
73 2446 209 2510 tantam
236 2444 306 2506 tam
332 2441 433 2507 variis
461 2441 609 2507 cursibus
631 2440 667 2505 in
689 2440 779 2506 omni
801 2440 995 2506 aeternitate
1020 2462 1093 2506 con·

72 2530 278 2598 venientiam
313 2533 499 2615 temporum
535 2551 602 2594 non
632 2551 767 2614 possum
798 2529 990 2616 intellegere
1023 2529 1092 2594 sine

72 2624 202 2703 mente,
230 2618 370 2704 ratione,
399 2617 545 2684 consilio.
591 2615 680 2693 Quae
708 2639 782 2683 cum
803 2617 840 2682 in
862 2617 1023 2682 sideribus
1045 2616 1092 2682 in·

74 2730 149 2775 esse
173 2707 351 2792 videamur,
373 2727 441 2773 non
462 2728 636 2792 possumus
660 2728 698 2772 ea
720 2706 793 2791 ipsa
815 2725 883 2771 non
904 2705 939 2769 in
958 2704 1092 2770 deorum

74 2818 216 2864 numero
243 2817 408 2881 reponere.
453 2793 522 2861 Nec
549 2817 626 2861 vero
654 2816 710 2860 eae
738 2793 867 2878 stellae,
901 2813 983 2878 quae
1010 2792 1093 2858 iner-

36 2906 60 2946 ao
73 2889 191 2952 rantes
209 2887 376 2968 vocantur,
393 2905 461 2950 non
479 2883 667 2970 significant
685 2882 820 2948 eandem
835 2885 979 2947 mentem
993 2886 1092 2967 atque

74 2972 301 3061 prudentiam,
338 2994 476 3058 quarum
512 2976 563 3037 est
599 2971 763 3038 cotidiana
794 2969 988 3036 conveniens
1020 2992 1093 3036 con-

75 3068 236 3146 stansque
255 3061 433 3146 conversio,
454 3065 514 3126 nee
531 3060 656 3125 habent
673 3059 836 3125 aetherios
856 3080 969 3124 cursus
987 3081 1093 3144 neque

76 3152 170 3218 caelo
194 3149 409 3235 inhaerentes,
432 3151 470 3215 ut
487 3148 635 3234 plerique
654 3148 764 3214 dieunt
782 3147 937 3232 physicae
954 3147 1093 3213 rationis

77 3239 197 3327 ignari.
243 3236 321 3304 Non
349 3241 400 3303 est
423 3237 509 3303 enim
533 3237 674 3303 aetheris
698 3259 737 3302 ea
758 3240 890 3321 natura,
917 3239 955 3302 ut
977 3237 1011 3301 vi
1034 3258 1094 3302 sua

41 3345 65 3385 ³⁵
79 3329 195 3394 stellas
219 3327 377 3413 conplexa
396 3329 622 3410 contorqueat,
643 3347 722 3391 nam
740 3325 847 3390 tenuis
867 3347 905 3391 ac
922 3325 1093 3410 perlucens

80 3421 113 3481 et
145 3414 312 3501 aequabili
345 3415 453 3480 calore
485 3414 625 3480 suffusus
653 3413 765 3479 aether
792 3435 859 3478 non
887 3414 967 3478 satis
996 3416 1093 3499 aptus

81 3505 121 3569 ad
148 3504 265 3570 stellas
293 3502 503 3570 continendas
530 3502 668 3569 ridetur.
713 3500 846 3567 Habent
873 3501 977 3589 igitur
1000 3511 1147 3567 suamet

134 3616 191 3661 oro.
205 3617 249 3658 1v.
263 3619 281 3660 2.
864 3609 881 3660 5
