2578 3874
202 78 268 146 392
592 81 641 135 DE
659 81 814 138 LEGIBUS

201 222 336 288 levitate
373 223 459 288 enim
492 227 526 288 et
558 225 720 290 suavitate
752 225 915 290 delectans
948 225 994 290 sio
1027 226 1069 290 ab
1105 247 1220 291 errore

201 311 320 376 mentis
347 314 516 398 tamquam
544 313 687 378 salutare
715 313 840 400 aliquid
867 313 1071 396 adsciscitur3
1100 314 1219 378 simili·
1275 383 1276 386 Ἴ

200 420 263 482 que
294 399 426 464 inscitia
457 422 545 465 mors
576 401 704 488 fugitur
736 402 830 486 quasi
861 401 1034 470 dissolutio
1065 405 1220 486 natiuae,

200 487 270 552 vita
292 488 463 572 expetitur,
486 489 564 573 quia
586 511 656 573 nos,
677 491 712 554 in
735 511 799 574 quo
822 490 893 556 neti
915 511 1035 574 sumus,
1058 490 1220 571 continet,
1275 551 1276 562 ,

201 574 299 643 dolor¹
322 576 357 643 in
379 576 530 644 maximis
552 578 649 645 malis
673 578 800 643 ducitur
823 599 921 662 quom
945 600 1004 646 sua
1026 579 1246 664 aspernatae
1275 611 1276 630 κ

148 673 182 722 ³2
200 667 272 728 tum
296 664 382 748 quod
403 668 541 730 naturae
562 665 715 732 interitus
737 666 867 733 videtur
885 667 990 750 sequi3
1012 670 1219 751 propterque

199 751 383 818 honestatis
402 756 435 817 et
453 753 579 839 gloriae
597 754 844 820 similitudinem
862 754 961 838 beati,
984 754 1040 839 qui
1058 753 1218 819 honorati

200 844 290 924 sunt,
312 841 476 926 videntur,
499 841 611 912 miseri
633 846 755 925 autem,
778 842 836 927 qui
858 845 935 908 sunt
956 842 1099 928 inglorii
1145 843 1219 908 Mo·

199 927 315 994 lesbiae
338 929 492 1014 laetitiae,
516 930 710 1015 cupiditates
733 931 868 996 tim0ms
893 931 1044 996 similiter
1065 931 1217 996 omnium

199 1021 326 1082 mentes
347 1021 579 1105 pervagantur,
599 1039 668 1103 nec,
691 1018 720 1084 si
738 1019 907 1103 opiniones
926 1019 1010 1084 aliae
1029 1022 1107 1083 sunt
1125 1019 1217 1103 apud
1231 1037 1255 1078 ιο

202 1104 298 1188 alios,
327 1105 460 1190 idcirco,
489 1107 546 1190 qui
576 1129 688 1174 canem
714 1110 749 1172 et
775 1106 893 1172 faelem
920 1111 957 1171 ut
985 1107 1062 1173 deos
1091 1108 1217 1191 colunt,
1275 1109 1276 1118 ’

200 1214 268 1258 non
290 1193 402 1258 eadem
425 1195 669 1280 superstitione,
697 1217 761 1279 qua
783 1200 908 1262 ceterae
932 1199 1058 1280 gentes,
1084 1195 1217 1260 conflio-

201 1283 323 1346 tantur.
369 1280 458 1357 Quae
488 1287 597 1348 autem
625 1283 717 1348 natio
743 1305 811 1348 non
838 1283 1040 1368 comitatem,
1069 1305 1136 1348 non
1160 1284 1217 1348 be-
1275 1303 1276 1306 ’

201 1369 406 1456 nignitatem,
425 1392 493 1436 non
510 1375 645 1458 gratum.
660 1371 805 1438 animum
823 1375 856 1439 et
874 1372 1021 1439 beneficii
1034 1393 1215 1437 memorem
1275 1369 1276 1374 ’

201 1459 331 1544 diligit?
355 1481 438 1543 quae
461 1461 628 1544 superbos,
649 1482 733 1544 quae
755 1461 930 1543 maleficos,
954 1481 1036 1544 quae
1052 1460 1214 1544 crudeles,
1228 1479 1251 1518 n

201 1568 283 1631 quae
309 1546 459 1633 ingratos
486 1567 553 1612 non
575 1552 780 1633 aspernatur,
804 1570 874 1616 non
896 1548 987 1614 odit?
1024 1546 1150 1623 Quibus
1174 1570 1214 1614 ex

199 1635 296 1700 rebus
325 1657 423 1720 quom
449 1657 544 1701 omne
567 1657 670 1722 genus
693 1636 862 1702 hominum
885 1636 1045 1702 sociatum
1067 1636 1154 1703 inter
1178 1658 1214 1702 se
1275 1699 1276 1706 ,

200 1744 270 1787 esse
292 1722 518 1811 intellegatur,
544 1724 627 1788 illud
650 1727 830 1790 extremum
853 1729 917 1808 est,
946 1724 1033 1809 quod
1055 1729 1143 1791 recte
1166 1724 1214 1789 vi·

199 1810 295 1875 vendi
317 1811 402 1876 ratio
421 1812 572 1876 meliores
596 1813 704 1878 efficit.
746 1811 835 1888 Quae
858 1813 887 1878 si
909 1812 1114 1896 adprobatis,
1141 1834 1213 1897 per·

201 1919 277 1984 gam
309 1899 350 1963 ad
381 1899 521 1984 reliqua3
553 1900 605 1964 sin
636 1901 713 1984 quid
739 1900 920 1985 requiritis,
951 1900 986 1966 id
1012 1901 1212 1986 explicemus
1225 1907 1276 1958 „t

149 2041 191 2106 12
199 1986 299 2071 prius.
325 1987 403 2053 Aru.
416 1987 487 2052 Nos
505 2009 581 2053 vero
599 1989 692 2072 nihil,
710 1992 748 2053 ut
760 2011 821 2074 pro
835 1992 973 2073 utroque
986 1989 1210 2072 respondeam.
1275 2019 1276 2024 ¹

147 2120 181 2168 33
266 2074 314 2139 M.
344 2073 497 2159 Sequitur
527 2076 630 2162 igitur
657 2077 699 2141 ad
725 2077 987 2162 participandum
1014 2077 1116 2146 alium
1145 2078 1210 2144 alio

200 2163 564 2248 communicandumquo
590 2164 676 2230 inter
703 2186 814 2230 omnes
842 2165 892 2230 ius
915 2168 1117 2232 nosnatura
1140 2187 1211 2231 esse

199 2250 313 2316 factos.
359 2250 469 2336 Atque
496 2251 619 2318 hocin
647 2253 736 2318 omni
762 2253 823 2318 hac
851 2253 1071 2338 disputatione
1095 2253 1143 2319 sic
1164 2255 1210 2318 in·

199 2340 314 2425 tellegi
327 2339 412 2424 volo,
430 2342 480 2405 ius
495 2340 581 2425 quod
595 2341 709 2425 dicam,
726 2345 846 2406 natura
860 2363 939 2426 esso,
957 2345 1085 2408 tautam
1099 2346 1210 2407 autem
1222 2359 1245 2401 a

200 2449 271 2492 esso
293 2429 512 2513 corruptelam
535 2429 641 2494 malae
664 2428 918 2514 consuetudinis,
940 2433 979 2494 ut
1000 2430 1043 2495 ab
1067 2451 1106 2496 ca
1128 2434 1210 2496 tum·

200 2537 298 2600 quam
320 2516 456 2603 igniculi
479 2517 711 2602 extinguantur
733 2540 754 2582 a
775 2522 894 2583 natura
917 2516 986 2584 dati
1009 2518 1209 2584 exoriantur·

199 2626 262 2688 que
280 2608 313 2668 et
332 2606 563 2672 confirmentur
581 2605 662 2670 vitia
680 2607 853 2674 contraria.
881 2604 1011 2690 Quodsi,
1030 2628 1095 2690 quo
1112 2607 1208 2673 modo
1275 2635 1276 2672 c

199 2694 250 2759 est
281 2695 413 2776 natura,
450 2694 496 2758 sic
526 2693 646 2758 iudicio
677 2693 825 2758 homines
858 2693 1061 2779 ‘humaui',
1092 2698 1130 2759 ut
1162 2695 1208 2760 ait
1274 2673 1276 2768 l

198 2784 310 2865 polita,
340 2781 456 2846 ‘nihil
486 2805 506 2846 a
535 2803 574 2846 se
604 2781 773 2847 alienum
800 2781 1015 2868 putarent',
1048 2783 1243 2848 colereturu
1275 2823 1276 2870 1

198 2867 249 2935 ius
268 2890 369 2952 aeque
389 2870 431 2934 ab
446 2869 605 2935 omnibus
627 2869 751 2945 Quibus
766 2871 852 2936 enim
866 2871 951 2935 ratio
965 2893 986 2936 a
998 2875 1119 2937 natura
1132 2871 1208 2937 data
1275 2895 1276 2986 q

199 2960 263 3040 est,
293 2957 397 3022 isdem
425 2957 525 3032 etiam
552 2961 641 3022 recta
668 2959 753 3022 ratio
781 2959 859 3026 data
886 2962 949 3042 est,
982 2980 1059 3044 ergo
1088 2963 1122 3024 et
1148 2960 1208 3044 lex,

199 3065 280 3127 quae
304 3049 355 3109 est
377 3049 466 3110 recta
484 3045 569 3110 ratio
587 3046 623 3110 in
640 3046 779 3124 iubendo
798 3049 832 3110 et
849 3046 1004 3130 vetand03
1026 3048 1055 3112 si
1073 3047 1135 3131 lex,
1158 3049 1207 3112 ius

199 3153 341 3217 quoque3
363 3137 396 3198 et
419 3134 569 3199 omnibus
592 3134 691 3218 rati03
713 3135 764 3199 ius
786 3135 888 3220 igitur
907 3135 1020 3199 datum
1039 3139 1090 3200 est
1108 3137 1207 3201 omni-

198 3219 274 3303 bus3
295 3224 445 3304 recteque
464 3219 614 3286 Socrates
637 3223 796 3287 exsecrari
818 3246 892 3287 eum
911 3223 1047 3306 solebat,
1071 3225 1128 3308 qui
1146 3225 1240 3309 pri-³⁶

145 3316 181 3365 34
198 3329 271 3370 mus
293 3308 473 3373 utilitatem
496 3332 515 3374 a
538 3311 607 3375 iure
625 3310 833 3394 seiunxisset3
855 3311 889 3375 id
907 3312 994 3378 enim
1013 3313 1207 3395 querebatur

199 3396 297 3477 caput
325 3416 395 3459 csse
422 3397 594 3462 exitiorum
619 3398 771 3463 omnium.
812 3397 934 3481 †Unde
957 3399 1043 3466 enim
1066 3400 1127 3464 illa
1148 3399 1207 3484 Py·
