2610 3894
374 134 443 190 ΜΒ.
462 135 497 189 IL
518 135 594 191 OAP.
615 143 693 191 1-3.
711 141 727 202 s
745 141 824 192 a-a.
1060 137 1105 202 49

85 279 178 344 ridae
200 279 336 344 Persem
357 278 480 344 rictum
501 279 744 345 nuntiaverunt
779 278 816 346 P.
839 279 925 345 enim
942 278 1106 364 Vatinius,
1131 351 1134 358 ,

86 390 169 434 avus
201 366 299 432 huius
332 366 561 452 adulescentis,
594 390 667 433 cum
698 367 943 455 epraefectura
965 368 1107 433 Reatina

84 456 231 522 Romam
257 455 401 522 venienti
428 459 527 522 noctu
555 456 619 522 duo
645 457 778 522 iuvenes
806 479 879 522 cum
904 456 996 542 equis
1020 455 1105 521 albis

86 545 250 610 dixissent
272 565 384 630 regem
401 543 534 609 Persem
557 544 616 610 illo
640 544 691 609 die
715 549 855 631 captum,
879 545 1006 610 senatui
1025 566 1105 609 nun-

59 632 201 717 afflavit,
225 635 259 697 et
279 633 386 717 primo
410 633 505 717 quasi
522 636 645 698 temere
664 633 702 698 de
721 655 756 698 re
774 633 906 719 publica
924 634 1052 699 locutus
1070 631 1107 697 in

86 743 253 787 carcerem
283 721 446 786 coniectus
475 724 538 806 est,
566 724 643 806 post
670 721 815 788 aPaulo
843 721 964 787 litteris
993 720 1105 786 allatis

87 832 163 874 cum
192 809 280 874 idem
307 808 375 874 dies
403 809 620 894 constitisset,
650 813 684 875 et
711 831 791 896 agro
815 832 836 875 a
858 812 974 876 senatu
996 812 1030 874 et
1052 831 1106 875 va·

87 898 219 963 catione
251 898 389 963 donatus
421 900 481 962 est.
532 897 643 983 Atque,
671 898 772 963 etiam
800 921 874 964 cum
903 898 944 963 ad
970 897 1107 962 fluvium

88 985 232 1072 Sagram
245 983 455 1051 Crotoniatas
468 984 565 1051 Locri
587 986 729 1051 maximo
752 986 878 1071 proelio
902 986 1106 1069 devicissent,

46 1091 73 1130 10
88 1097 127 1140 eo
151 1075 226 1158 ipso
251 1073 302 1139 die
325 1074 472 1140 auditam
490 1096 561 1140 esse
580 1097 652 1140 eam
670 1095 816 1160 pugnam
833 1074 918 1139 ludis
933 1074 1106 1159 Olympiae

87 1162 267 1228 memoriae
290 1163 457 1248 proditum
480 1167 538 1228 est.
576 1161 678 1248 Saepe
692 1161 879 1229 Faunorum
897 1185 993 1229 voces
1013 1185 1107 1228 exau·

88 1252 192 1335 ditae,
225 1273 321 1336 saepe
350 1252 440 1317 visae
466 1251 592 1317 formae
619 1251 754 1316 deorum
781 1251 928 1335 quemvis
955 1273 1022 1316 non
1048 1254 1107 1316 aut

86 1339 242 1405 hebetem
274 1342 332 1405 aut
362 1340 501 1426 impium
533 1340 609 1406 deos
641 1343 830 1424 praesentes
858 1361 929 1404 essa
958 1339 1147 1458 comitari3

87 1431 276 1514 co'e‘gerunt.
312 1428 554 1494 Praedictiones
577 1450 654 1493 vero
678 1432 712 1492 et
733 1428 979 1513 praesensiones
997 1449 1106 1493 rerum
1126 1470 1141 1520 '1

48 1533 74 1572 1⁵
87 1517 276 1582 futurarum
314 1517 393 1601 quid
428 1516 516 1582 aliud
553 1516 719 1582 declarant
752 1516 818 1580 nisi
848 1516 1036 1582 hominibus
1068 1537 1107 1581 ea

89 1604 233 1689 ostendi,
265 1605 457 1690 monstrari,
487 1605 652 1690 portendi,
682 1604 848 1690 praedici?
881 1627 920 1670 ex
952 1627 1016 1688 quo
1048 1604 1108 1668 illa

89 1697 263 1778 ostenta,
293 1697 482 1777 monstra,
513 1697 712 1778 portenta,
765 1693 920 1779 rodigia
948 1693 1108 1759 dicuntur.
1237 1733 1240 1740 ·

89 1781 214 1857 Quodsi
237 1803 276 1846 ea
296 1782 375 1847 ficta
396 1781 556 1848 credimus
579 1782 711 1847 licentia
728 1717 924 1866 fibularum,
946 1781 1108 1867 Mopsum,

89 1869 261 1954 Tiresiam,
275 1870 522 1956 Amphiaraum,
538 1868 761 1955 Calchantem,
774 1869 945 1954 Helenum,
965 1891 1046 1955 quos
1060 1873 1108 1934 ta·

48 1974 75 2012 20
90 1981 167 2024 men
186 1980 327 2044 augures
349 1981 391 2024 ne
412 1960 503 2044 ipsae
526 1958 657 2043 quidem
678 1958 810 2024 fabulae
833 1958 1056 2044 adscivissent,
1079 1959 1108 2023 si

88 2047 1107 2220 ewraldililtzltllffithf¹zhpt⁸

90 2222 221 2289 Claudii
248 2224 336 2289 bello
364 2223 487 2289 Punico
515 2223 622 2309 primo
649 2221 819 2289 temeritas
847 2223 1014 2290 movebit?
1051 2223 1108 2309 qui

90 2313 194 2376 etiam
225 2334 285 2397 per
314 2311 423 2378 iocum
454 2311 531 2378 deos
559 2312 716 2397 inridenS,
748 2334 822 2378 oum
850 2335 948 2379 cavea
974 2312 1108 2377 liberati

50 2413 75 2453 2⁵
89 2399 176 2485 pulli
198 2422 265 2465 non
286 2403 509 2486 pascerentur,
532 2401 638 2488 mergi
660 2421 715 2466 eos
738 2400 775 2465 in
796 2423 916 2486 aquam
936 2401 1046 2485 iussit,
1068 2403 1107 2465 ut

89 2489 256 2572 biberent,
281 2489 435 2573 quoniam
458 2511 529 2554 esse
551 2490 688 2555 nollent.
734 2488 797 2565 Qui
818 2487 904 2554 risus
927 2490 1032 2555 classe
1055 2487 1106 2552 de
1173 2487 1177 2494 ’

88 2577 181 2642 victa
207 2577 329 2643 multas
351 2577 417 2662 ipsi
439 2577 605 2662 lacrimas,
632 2599 787 2664 magnam
810 2578 932 2663 populo
955 2576 1106 2642 Romano

88 2665 219 2730 cladem
238 2665 359 2731 attulit.
392 2664 498 2742 Quid?
521 2666 650 2752 collega
667 2667 736 2731 eius
754 2665 998 2740 Iuniuseodem
1017 2665 1106 2730 bello

88 2776 199 2820 nonne
227 2757 424 2840 tempestate
452 2755 591 2820 classem
614 2754 738 2839 amisit,
765 2775 839 2820 cum
863 2753 1017 2838 auspiciis
1039 2775 1106 2818 non

53 2853 76 2894 ³0
88 2843 278 2928 paruisset?
326 2841 443 2927 Itaque
475 2841 632 2909 Claudius
668 2866 689 2908 a
718 2842 853 2928 populo,
873 2841 1106 2908 condemnatus

89 2936 155 3014 est,
184 2930 297 2996 Iunius
322 2953 434 2998 necem
458 2931 522 2996 sibi
543 2930 614 3017 ipse
638 2931 805 2998 conscivit.
850 2927 885 2997 Ο.
907 2928 1143 2998 Flaminiums
1206 2935 1209 2942 ’

89 3018 225 3086 Coelius
248 3019 408 3110 religione
428 3020 581 3107 neglecta
599 3019 751 3086 cecidisse
770 3018 857 3104 apud
870 3017 1106 3084 Trasumenum

19 3117 22 3174 l
89 3109 208 3175 scribit
244 3130 318 3174 cum
353 3130 474 3196 magno
509 3107 558 3174 rei
588 3108 738 3193 publicae
769 3107 912 3172 vulnere.
962 3105 1107 3183 Quorum

89 3198 193 3262 exitio
221 3195 372 3284 intellegi
398 3199 509 3281 potest
536 3218 649 3262 eorum
675 3195 821 3280 imperiis
848 3197 1107 3280 rempublicam

52 3297 76 3339 ³⁵
90 3285 338 3371 amplificatam,
361 3285 417 3370 qui
438 3284 653 3371 religionibus
676 3283 871 3368 paruissent.
914 3283 1011 3349 Etsi
1034 3306 1108 3350 oon·

88 3374 177 3439 ferre
199 3373 352 3438 volumus
374 3376 492 3438 nostra
514 3395 588 3438 cum
610 3372 766 3457 externis,
789 3371 905 3438 ceteris
928 3373 1025 3438 rebus
1049 3375 1107 3437 aut

89 3484 187 3548 pares
207 3464 266 3527 aut
283 3461 383 3527 etiam
400 3461 571 3526 inferiores
584 3460 792 3547 reperiemur,
813 3461 982 3547 religione,
1003 3459 1039 3526 id
1056 3462 1109 3524 est

144 3574 202 3617 oro.
216 3574 293 3618 rua
875 3577 893 3618 a
