2566 3876
361 142 430 197 nra.
449 142 496 198 VI.
516 142 592 198 aar.
614 149 692 200 1-a.
712 148 727 208 a
747 148 824 198 ι-ι.
1029 142 1095 207 367

79 289 191 354 minae
214 286 453 373 cogitationum
472 285 632 350 lubidines
651 286 780 352 infinita
799 287 955 372 quaedam
975 290 1098 373 cogunt

81 381 182 460 atque
199 376 380 460 .,imperant
403 396 486 459 quae
505 375 582 458 quia
599 397 659 440 nec
677 375 800 460 expleri
817 397 876 440 nec
896 379 947 440 sat
933 375 1010 440 tiari
1028 375 1096 440 ullo

81 465 180 529 modo
204 467 362 548 possunt,
391 463 432 528 ad
460 485 555 528 omne
582 461 709 528 facinus
731 463 894 549 inpellunt
917 484 986 548 eos,
1015 484 1096 548 quos

82 553 259 618 inlecebris
283 552 350 616 suis
372 551 592 616 incenderunt.
628 551 725 632 (Noa.
747 556 825 617 024.
845 552 915 635 28)

59 661 71 700 ι
153 639 307 706 Ferocia'
330 661 391 722 pro
416 641 581 721 faecilate
625 639 675 740 M.
704 639 828 704 Tulliam
853 641 890 706 dc
915 639 1098 722 republica

84 731 134 796 lit.
164 727 230 793 VI:
261 727 316 813 qui
339 731 415 794 cont
401 727 522 793 tuderit
507 727 613 792 teius
636 727 703 793 vim
727 731 760 792 et
784 726 982 794 ecfrenatam
1004 728 1097 793 illam

75 817 249 883 ferociam.
285 816 383 900 (Nora.
406 815 547 898 4921)

152 905 291 971 Cicera'
279 926 314 969 00
337 905 414 970 libro
436 909 518 971 sexto
535 905 572 969 ale
588 905 761 987 republica
778 906 825 970 ita
842 906 981 986 serpsit:
1005 866 1138 992 Quod}

74 993 218 1078 quidem
241 1014 279 1058 co
302 991 366 1058 fuit
351 993 506 1077 tmaius,
531 991 615 1076 quia,
638 1015 727 1057 cum
735 1014 832 1058 causa
854 993 927 1077 pari
950 992 1095 1078 collegae

49 1104 72 1142 ιο
85 1085 209 1163 essent,
230 1103 305 1148 non
331 1081 428 1146 modo
448 1044 891 1232 indidiapoarinonerant,
920 1081 1099 1146 sedetiam

86 1132 215 1236 Claudii
233 1169 390 1234 invidiam
405 1168 543 1236 Gracchi
562 1170 643 1234 carit
645 1191 681 1233 as
696 1169 939 1255 deprecabatur.
962 1168 1099 1253 (Gellius

91 1259 164 1325 VH
182 1263 233 1323 10.
256 1263 305 1336 11,
329 1259 455 1324 Nouius
470 1279 504 1341 p.
527 1258 688 1342 290.15.)

152 1347 202 1412 Μ.
227 1346 350 1412 Tullius
374 1347 413 1411 de
434 1347 570 1428 republ.
593 1347 644 1412 aa.
673 1345 736 1411 VI:
764 1343 827 1420 Qui
849 1344 1020 1428 †numero
1043 1367 1096 1430 op·

85 1438 251 1500 tumatum
270 1438 303 1499 et
321 1434 504 1519 principum
524 1435 646 1519 optulit
663 1435 691 1498 is
712 1435 848 1500 vocibus
870 1438 904 1498 et
924 1433 1098 1519 gravitatis
1166 1429 1170 1434 ’

51 1543 164 1588 iosuae
188 1522 287 1607 liquit
307 1521 402 1588 illum
425 1523 555 1588 tristem
579 1526 612 1587 et
629 1523 762 1607 plenum
781 1522 953 1608 dignitatis
973 1543 1098 1587 sonum.

85 1611 228 1697 (Nouius
247 1632 279 1693 p.
300 1615 374 1677 409.
395 1610 464 1693 26.)

152 1701 202 1766 Μ.
227 1699 352 1766 Tullius
378 1701 414 1764 de
441 1720 474 1764 re
491 1700 576 1781 0000.
599 1699 650 1764 lib.
678 1698 742 1763 VI:
774 1703 825 1781 ut,
849 1721 946 1782 quem
968 1700 1010 1764 ad
1032 1720 1098 1764 mo·

86 1789 165 1854 dum
192 1787 307 1852 scribit
332 1786 404 1871 illc,
433 1787 596 1852 cotidiano
623 1788 658 1852 in
684 1787 793 1852 forum
816 1788 906 1852 mille
929 1787 1098 1854 hominum

86 1899 161 1945 cum
190 1875 302 2048 paim}
331 1875 501 1959 conchylio
531 1876 642 1941 tinctis
675 1874 915 1941 descenderent.
945 1875 1100 1959 (Nouius

48 1985 74 2025 ao
83 1988 115 2048 p.
138 1968 210 2030 501.
256 1969 285 2028 7.

153 2053 203 2118 Μ.
227 2052 349 2117 Tullius
375 2053 412 2118 de
437 2073 472 2117 re
495 2053 580 2134 perbl.
610 2053 660 2117 lib.
681 2049 751 2118 aVI:
778 2050 902 2135 inhia,
929 2055 967 2116 nt
990 2053 1099 2118 memi-

85 2140 198 2225 nistis,
226 2161 383 2206 concursu
410 2139 595 2206 levissimae
621 2139 841 2204 multitudinis
869 2143 903 2205 et
931 2161 1004 2204 aere
1027 2163 1099 2206 con-

87 2233 183 2316 gesto
206 2227 304 2293 funus
327 2228 477 2294 desubito
496 2232 582 2293 esset
601 2231 760 2294 ornatum.
791 2229 890 2313 (Noa.
899 2250 933 2311 p.
947 2232 1018 2294 517.
1032 2231 1100 2312 32.)

154 2318 204 2383 Μ.
224 2317 348 2382 Tullius
370 2318 406 2382 de
427 2338 462 2382 re
477 2317 564 2399 publ.
587 2317 636 2380 lib.
661 2317 725 2381 VI:
747 2316 901 2382 Firmiter
924 2316 1010 2381 enim
1033 2339 1100 2381 mar

47 2425 73 2468 ιι
86 2407 175 2472 iores
192 2405 299 2471 nostri
318 2405 467 2470 stabilita
485 2405 694 2470 matrimonia
713 2426 782 2470 esse
795 2404 979 2469 voluerunt.
1002 2405 1099 2487 (Noa.

79 2518 116 2579 p.
139 2498 212 2560 512.
234 2499 279 2559 24
302 2500 331 2559 ct
348 2494 507 2560 Priscian.
529 2493 601 2557 XV
616 2499 646 2558 3.
669 2498 760 2575 rap.
785 2496 834 2557 70.
856 2497 897 2558 11
918 2491 1043 2575 Hertz.)

155 2584 204 2648 M
224 2582 347 2648 Tullius
369 2584 405 2648 aa
426 2581 557 2664 republ.
577 2581 626 2646 ab.
645 2581 710 2648 VI:
734 2580 847 2646 Oratio
865 2578 979 2664 Laelii,
1002 2601 1100 2664 qnam

85 2693 201 2738 ornnes
232 2671 391 2736 habemus
418 2670 454 2736 in
483 2669 646 2752 manibus,
678 2689 777 2754 quam
805 2667 967 2753 simpuvia
994 2669 1100 2753 ponti-

84 2762 186 2827 ficum
214 2759 263 2824 dis
291 2758 532 2824 immortalibus
561 2761 657 2844 grata
621 2758 752 2822 tasint
775 2755 980 2841 Samiaeque,
1008 2760 1045 2821 ut
1071 2757 1100 2820 is

45 2868 70 2908 ιο
85 2849 212 2932 scribit,
236 2847 418 2933 capudines.
454 2847 645 2929 (Nouiusp.
667 2851 739 2911 398.
762 2847 830 2922 20.)

155 2898 281 3002 Iniitat
256 2943 337 3001 tione
358 2935 502 3001 Platonis
524 2933 627 3000 Cicero
649 2935 686 2999 ale
706 2935 883 3036 republica
904 2935 1036 3035 salbans
1059 2934 1099 2998 la-
1119 2913 1139 2976 3

84 3047 158 3093 cam
184 3027 279 3090 etiam
305 3025 342 3089 de
362 3024 441 3090 Eae
463 3023 623 3104 Pamphili
648 3024 789 3088 redita
775 3044 811 3087 aa
831 3023 941 3100 00000,
971 3021 1039 3106 qui,
1066 2991 1135 3086 003

84 3117 143 3192 ait,
168 3135 251 3199 rogo
274 3112 448 3198 impositus
471 3111 643 3176 revixisset
665 3111 749 3174 mult
735 3114 833 3195 taque
855 3109 894 3174 de
917 3071 1029 3174 iirferis
1055 3131 1101 3174 se

86 3205 180 3268 creta
197 3204 374 3286 narrasset,
396 3221 461 3266 000
477 3201 629 3280 fabulosa,
650 3203 687 3263 00
702 3200 764 3278 ille,
782 3199 949 3264 0000οι000
925 3204 1005 3264 tione
1022 3219 1101 3263 com-

43 3295 210 3356 carambis
232 3294 284 3368 eat,
305 3291 359 3355 scal
379 3289 511 3354 sollertis
532 3288 647 3353 samnii
667 3287 847 3353 rationabili
868 3288 1004 3370 quadam
1021 3289 1101 3351 ima·

80 3381 246 3464 9000οι000
269 3377 435 3459 composuit
454 3378 590 3441 videlicet
608 3377 681 3441 scite
703 3377 883 3458 sipiificaas
906 3374 995 3460 haec,
1019 3396 1100 3460 quae

84 3468 127 3533 de
168 3467 297 3533 animae
334 3464 582 3530 immortalitate
619 3464 800 3530 dicerentur
836 3465 1003 3549 caeloque,
1038 3484 1099 3528 000
