2580 3874
322 158 391 217 Lis.
410 160 431 218 Ι.
452 161 528 218 onP.
548 165 661 217 ea-so.
681 167 696 228 ε
715 165 828 216 rs-ss.
1038 159 1081 226 31

77 326 174 370 nonne
196 305 294 370 deum
318 304 422 370 videri
440 303 635 391 Aegyptiis?
672 304 755 370 Tam
771 305 880 371 hercle
903 326 1002 389 quam
1019 301 1082 369 tibi

78 394 160 458 illam
189 396 339 459 vestram
367 390 545 478 Sospitam,
577 416 675 478 quarn
707 397 743 458 tu
775 414 953 477 numquam
978 413 1020 456 no
1046 392 1082 456 in

80 481 189 546 somnis
209 481 342 566 quidem
360 481 451 545 vides
466 482 531 546 nisi
544 504 617 548 cum
631 483 715 567 pelle
730 481 871 566 caprina,
889 502 962 546 cum
975 480 1081 563 hasta,

80 593 143 635 cum
164 569 304 653 scutulo,
327 591 401 635 eum
424 570 574 635 calceolis
593 570 754 655 repandis.
785 570 833 633 At
849 591 917 635 non
934 571 985 632 est
1003 567 1081 633 talis

60 657 173 744 iurgia
200 680 261 724 nec
289 657 438 723 Romana
460 657 552 724 Iuno.
596 657 687 744 Ergo
711 657 777 723 alia
800 657 923 743 species
946 655 1080 722 Iunonis

81 746 216 832 Argivis,
245 746 313 810 alia
334 744 525 830 Lanuvinis,
552 747 620 812 olio
645 747 740 812 nobis
785 745 830 811 Et
858 745 988 830 quidem
1016 743 1082 808 alia

78 835 163 900 nobis
194 833 388 919 Capitolini,
421 833 487 900 alia
517 834 608 899 Afris
637 832 831 900 Hammonis
859 833 955 901 Iovis.
1005 793 1135 920 Nonllffi

78 923 169 1008 pudet
185 923 290 1008 igitur
307 921 486 1008 physicum,
504 922 539 987 id
557 927 608 988 est
626 924 864 1008 speculatorem
882 924 1082 988 venatorem·

79 1033 133 1095 que
162 1015 314 1094 naturae,
347 1011 388 1076 ab
418 1009 535 1075 animis
563 1010 793 1076 consuetudine
820 1009 944 1075 inbutis
972 1012 1082 1093 petere

46 1099 296 1164 intestimonium
319 1098 490 1164 veritatis?
527 1097 596 1164 Isto
620 1099 706 1164 enim
730 1098 825 1164 modo
847 1098 952 1164 dicere
970 1097 1083 1162 licebit

78 1187 181 1252 Iove'm
200 1207 330 1272 semper
346 1187 530 1271 barbatum,
553 1186 742 1271 Apollinem
761 1209 888 1272 semper
905 1185 1085 1269 inberbem,

79 1276 193 1341 caesios
218 1274 331 1340 oculos
353 1274 532 1357 Minervae,
555 1274 720 1341 caeruleos
745 1296 815 1340 esse
838 1274 992 1360 Neptuni.
1038 1273 1083 1338 Et

79 1364 200 1448 quidem
223 1363 395 1428 laudamus
415 1363 554 1427 Athenis
573 1361 755 1429 Volcanum
780 1385 861 1447 eum,
886 1361 1083 1446 quemfecit

78 1453 279 1535 Alcamenes,
301 1451 337 1516 in
360 1472 424 1535 quo
448 1455 557 1516 stante
580 1454 678 1535 atque
701 1451 822 1517 vestito
846 1451 962 1516 leviter
985 1471 1084 1534 appa·

44 1544 123 1604 aret
148 1538 344 1605 claudicatio
370 1560 438 1604 non
466 1539 628 1605 deformis.
674 1537 835 1605 Claudum
861 1539 964 1625 igitur
986 1537 1084 1602 habe·

79 1629 177 1693 bimus
197 1628 303 1710 deum,
322 1626 476 1711 quoniam
494 1627 532 1692 de
552 1626 699 1693 Volcano
719 1629 765 1693 sic
783 1629 974 1712 accepimus.
1010 1626 1083 1712 Aga

78 1717 185 1782 ethis
216 1714 386 1781 vocabulis
413 1737 483 1780 esse
511 1715 588 1780 deos
614 1716 766 1800 facimus,
798 1715 914 1801 quibus
942 1737 962 1779 a
988 1714 1083 1779 nobis

76 1803 304 1870 nominantur?
340 1803 387 1868 At
409 1803 559 1889 primum,
583 1809 662 1889 quot
681 1804 850 1870 hominum
868 1804 1009 1890 linguae,
1031 1805 1084 1867 tot
1102 1813 1136 1863 84

76 1893 203 1958 nomina
227 1892 370 1956 deorum.
414 1890 492 1957 Non
514 1892 612 1974 enim,
635 1896 673 1957 ut
696 1897 732 1958 tu
754 1891 910 1976 Velleius,
934 1913 1084 1975 quocum·

45 1998 134 2065 ²⁰que
164 1980 308 2062 veneris,
340 1979 387 2045 sic
418 1979 504 2045 idem
535 1980 570 2044 in
597 1980 696 2045 Italia
723 1979 902 2065 Volcanus,
934 1979 1020 2044 idem
1050 1979 1084 2043 in

77 2069 242 2154 Hispania.
279 2067 403 2133 Deinde
425 2068 595 2133 nominum
616 2091 684 2134 non
706 2089 844 2155 magnus
867 2089 1020 2132 numerus
1042 2088 1084 2131 ne

76 2158 108 2222 in
132 2156 311 2242 pontificiis
336 2155 464 2240 quidem
486 2157 624 2241 nostris,
652 2157 785 2222 deorum
808 2159 917 2222 autem
940 2156 1084 2220 innume

76 2246 195 2311 rabilis.
242 2245 298 2308 An
325 2245 393 2309 sine
415 2244 601 2310 nominibus
625 2246 722 2309 sunt?
767 2244 862 2310 Istud
885 2244 1013 2328 quidem
1036 2243 1085 2308 ita

76 2334 165 2399 robis
190 2333 297 2397 dicere
318 2353 449 2397 necesse
473 2336 537 2416 est3
564 2333 641 2416 quid
664 2333 750 2398 enim
773 2333 902 2416 attinet,
925 2355 998 2398 eum
1020 2354 1085 2395 una

45 2421 171 2488 nfacies
207 2421 264 2505 sit,
296 2421 392 2506 plura
419 2441 489 2486 esse
517 2421 673 2486 nomina?
723 2419 827 2496 Quam
854 2422 978 2487 bellum
1006 2422 1085 2502 erat,

76 2510 193 2593 Vellei,
222 2509 371 2574 confiteri
396 2508 506 2593 potius
533 2509 670 2593 nescire,
697 2509 784 2593 quod
805 2509 959 2592 nescires,
987 2529 1085 2592 quam

75 2599 138 2664 ista
162 2598 367 2664 effutientem
388 2618 544 2661 nauseare
568 2600 665 2681 atque
688 2597 797 2681 ipsum
820 2597 883 2661 sibi
900 2596 1085 2681 displiceret

76 2688 127 2751 An
153 2691 193 2752 tu
221 2685 286 2750 mei
316 2684 457 2749 similem
479 2688 577 2769 putas
601 2706 671 2749 esse
694 2689 751 2750 aut
773 2685 824 2750 tui
847 2685 963 2749 deum?
1008 2682 1085 2747 Pro-

76 2775 159 2840 fecto
182 2795 252 2839 non
272 2776 378 2858 putas.
416 2769 500 2847 Quid
522 2773 624 2858 ergo?
649 2773 751 2838 solem
774 2773 879 2838 dicam
898 2776 955 2837 aut
973 2772 1085 2837 lunam

44 2868 130 2927 aaut
168 2862 296 2928 caelum
332 2861 449 2926 deum?
498 2859 588 2947 Ergo
626 2861 725 2926 etiam
756 2861 912 2927 beatum?
962 2859 1085 2936 Quibus

76 2951 237 3016 fruentem
267 2949 514 3033 voluptatibus?
559 2948 604 3014 Et
635 2949 840 3034 sapientem?
885 2947 948 3024 Qui
976 2952 1086 3035 potest

77 3061 144 3104 esse
161 3039 199 3103 in
217 3037 287 3103 eius
306 3037 393 3103 modi
412 3041 527 3104 trunco
546 3037 728 3123 sapientia?
764 3037 854 3104 Haec
873 3040 982 3103 restra
1002 3040 1086 3102 sunt.

77 3125 108 3191 Si
133 3128 241 3214 igitur
263 3147 322 3191 nec
344 3125 488 3191 humano
510 3127 590 3210 oisc,
621 3126 707 3209 quod
730 3125 836 3208 docui,
863 3147 922 3192 nec
945 3125 1006 3190 tali
1029 3125 1086 3190 ali·
1105 3135 1138 3185 85

78 3237 147 3302 quo,
170 3214 261 3302 quod
283 3213 346 3278 tibi
363 3213 411 3278 ita
429 3235 621 3298 persuasum
640 3216 698 3298 est,
722 3212 800 3298 quid
818 3213 948 3279 dubitas
966 3234 1086 3299 negare

48 3304 151 3370 odeas
185 3302 281 3369 esse?
326 3301 403 3368 Non
432 3302 540 3367 audes.
590 3299 759 3387 Sapienter
790 3301 824 3365 id
853 3301 994 3385 quidem,
1024 3300 1088 3365 etsi

78 3390 134 3458 hoc
159 3393 235 3458 loco
259 3411 327 3456 non
348 3390 506 3476 populum
530 3391 657 3474 metuis,
680 3389 737 3454 sed
758 3388 848 3474 ipsos
872 3389 956 3454 deos.
1000 3387 1088 3454 Novi

79 3501 135 3566 ego
163 3479 347 3566 Epicureos
378 3477 487 3544 omnia
518 3478 629 3564 sigilla
655 3480 859 3561 venerantes,
892 3496 1086 3561 quamquam
