2566 3876
197 149 262 214 368
481 121 484 129 '
555 150 605 204 uu
622 150 672 204 eu
689 150 847 206 PUBLIOA

197 294 429 359 somniantium
451 294 723 380 philosophorum
746 317 816 360 csse
838 299 1023 360 commenta
1040 318 1102 361 neo
1119 295 1210 361 fabu-
1266 279 1267 294 ¹

196 383 247 446 les
273 382 491 467 incredibiles,
520 405 600 468 quus
623 383 776 468 Epicurei
804 383 964 468 derident,
992 383 1050 449 sed
1072 384 1209 470 pruden·

196 471 279 537 tium
303 472 513 538 coniecturas,
553 472 704 536 Insinuat
724 471 898 554 Scipionem
919 473 1024 552 illurn,
1047 475 1104 554 qni
1125 473 1210 538 Kar·
1267 507 1268 538 r

196 559 320 643 tdaqine
340 561 504 644 snbiuqota
525 581 691 642 coquornen
709 560 852 640 familiae
871 563 990 642 peperit
1009 561 1211 642 Africanum,

196 648 267 712 duic
288 646 441 730 Scipioni,
463 648 560 713 Pauli
580 649 661 730 filio,
681 648 808 729 futurus
830 669 852 712 a
868 650 1056 731 propinquis
1077 650 1236 715 insidioso

196 741 226 801 a
248 737 359 817 fanu
383 743 480 801 anne
501 738 683 802 mouture
704 737 906 816 carnutum,
933 739 1015 819 qua
1034 739 1213 803 manue

195 845 394 890 numerorum
417 827 451 889 in
468 827 549 890 vitae
560 825 712 908 perfectae
729 830 866 906 tempora
882 831 1043 904 coartetur,
1062 827 1212 908 ponitque

196 913 287 978 cilum
313 915 424 977 uetans
449 934 523 979 suae
549 915 799 996 quinquaqcsirno
820 934 858 978 ac
879 919 962 979 sento
984 934 1070 978 anno
1092 915 1212 980 dnbio

196 1002 233 1065 in
254 1021 286 1066 sc
306 1002 480 1067 coeuntibus
501 1004 639 1067 inumeris
661 1003 832 1066 absolutam
854 1002 936 1066 caelo
954 1003 1106 1082 animam,
1129 1003 1211 1068 unde
1269 1016 1270 1080 t

197 1094 359 1172 occeperat,
389 1092 593 1169 redditurum,
624 1091 706 1172 quod
734 1095 764 1155 ot
792 1090 979 1154 immortalis
1005 1095 1082 1155 esset
1109 1092 1212 1156 animi
1224 1097 1270 1146 1⁰¹

196 1179 364 1259 ruentisque
390 1178 564 1243 substantia
591 1183 622 1243 ct
646 1179 718 1243 bene
744 1179 862 1242 meritis
888 1179 925 1242 de
950 1198 985 1243 rc
1007 1179 1136 1260 pridiica
1152 1201 1211 1262 pa·

197 1267 331 1348 trinoque
357 1267 528 1332 custodibus
550 1266 639 1331 lactei
659 1266 768 1332 circuli
789 1266 891 1332 incida
914 1287 952 1331 ac
973 1268 1107 1332 cauden
1127 1267 1211 1332 hudi-
1270 1322 1271 1340 ,

198 1356 273 1419 tatio
303 1354 466 1420 deberetur.
509 1354 686 1438 (Favonius
715 1354 869 1436 Enioqius
902 1375 1008 1420 camna
1039 1357 1084 1420 ad
1113 1375 1211 1421 somn.
1270 1343 1271 1384 ¹

162 1443 280 1557 4Scip.
297 1463 332 1525 p.
353 1448 417 1509 401
441 1442 510 1527 Or.)

162 1573 180 1621 4
265 1531 339 1597 Non
365 1531 448 1596 nulii
472 1533 572 1597 nostri
591 1536 720 1614 propter
745 1532 900 1614 quoddam
920 1531 1248 1614 praeclarissimum

200 1621 341 1702 loquendi
359 1640 456 1702 qenns
478 1626 507 1686 et
522 1627 650 1703 propter
671 1640 735 1685 non
756 1620 855 1699 nulio,
878 1641 956 1702 quoe
977 1622 1126 1686 nundin
1148 1641 1213 1685 sen·

199 1711 249 1787 tit,
275 1714 415 1774 ornantes
437 1707 604 1774 Platonem
630 1709 737 1773 dicunt
762 1729 832 1773 curn
858 1708 980 1789 aliquid
999 1709 1103 1773 simin
1124 1709 1213 1774 nobis
1271 1731 1272 1734 ¹

199 1799 292 1861 ctiam
314 1799 350 1862 de
367 1803 558 1862 mortuorum
575 1798 793 1862 resurrectione
809 1798 945 1862 sensisse.
982 1796 1071 1877 erod
1088 1798 1214 1878 quidem

199 1888 244 1950 sic
266 1887 366 1969 tonqit
386 1887 421 1950 in
445 1887 532 1951 libris
549 1887 586 1951 de
602 1885 775 1968 republica
789 1885 921 1964 Tullius,
943 1887 981 1948 ut
1000 1906 1075 1949 oum
1094 1884 1213 1950 lusisse
1272 1932 1273 2008 ,

199 1973 308 2059 potius
339 1996 436 2059 quam
465 1973 596 2058 †quod
624 1973 658 2038 id
686 1994 800 2039 verum
829 1994 900 2038 csse
927 1972 1079 2038 adfirmet
1107 1973 1214 2039 dicere
1227 1991 1273 2046 2⁰,

199 2062 349 2127 voluisse.
390 2063 517 2128 Inducit
542 2064 624 2127 enirn
654 2062 808 2127 homirnam
838 2062 984 2126 revinr'ssc
1011 2066 1042 2126 et
1065 2083 1215 2128 narrasse

199 2152 362 2233 quaedam,
397 2171 476 2233 quac
506 2150 679 2216 Platonicis
710 2150 968 2232 disputationibus
998 2151 1212 2232 oonqruebant.

199 2239 409 2323 (Anqnstinus
430 2241 467 2304 de
487 2241 544 2304 cio.
565 2241 614 2304 dei
636 2238 750 2304 XXII
767 2238 838 2322 28.)

164 2300 1126 2499 rr>

200 2467 332 2571 ciusidnc
349 2507 517 2587 aquodam
529 2507 609 2570 citae
621 2505 747 2583 reddito,
765 2524 860 2586 quom
873 2503 1031 2585 reliquisse
1043 2505 1212 2583 videbatur,

200 2595 335 2660 indicari
359 2595 470 2675 faciat,
497 2595 552 2677 qui
577 2595 619 2659 sit
639 2598 803 2658 mutarum
824 2592 999 2676 corporibus
1021 2596 1124 2658 status
1145 2594 1212 2658 oni·

200 2703 338 2761 inarum,
369 2684 488 2748 adiecta
512 2683 648 2766 quadani
674 2681 876 2764 phanum
906 2681 953 2745 vd
982 2679 1122 2745 uderum
1152 2701 1214 2747 non

201 2773 299 2836 otiosa
316 2773 522 2853 descriptione,
538 2791 644 2837 rcrurn
659 2771 755 2852 facies
771 2789 835 2834 non
850 2768 1018 2835 dissimilia
1031 2770 1214 2853 siqnificons

202 2882 223 2924 a
248 2861 394 2924 Tuditano
417 2859 558 2942 Scipione
577 2880 636 2941 per
661 2860 791 2940 quietern
817 2858 878 2923 sibi
903 2858 1022 2940 inposta
1048 2864 1213 2924 enarratur.
1226 2876 1250 2916 u

202 2948 396 3030 (dlocrobius
417 2949 452 3011 in
474 2968 569 3012 somn.
592 2947 673 3030 Sap.
696 2947 722 3012 I
739 2953 768 3012 1.
790 2945 839 3029 2.)

166 3006 188 3132 ἓ
269 3038 366 3102 Hunc
386 3037 524 3100 ordinem
548 3036 672 3102 Tattius
691 3056 755 3100 non
776 3037 895 3101 minore
915 3034 1031 3099 iudicio
1053 3055 1216 3102 reservans

202 3146 296 3207 qirarn
322 3126 443 3207 inquiio
470 3129 606 3206 repertus
632 3129 684 3189 cst.
724 3123 893 3205 Postquam
918 3124 955 3187 in
980 3124 1068 3187 unni
1089 3126 1138 3189 rei
1154 3146 1215 3207 pu·

202 3215 297 3278 olicae
318 3216 379 3278 otio
400 3233 437 3277 ac
459 3214 576 3295 neqotio
592 3213 735 3296 patrnam
756 3213 895 3278 iustitiae
915 3211 1105 3292 <inmitando
1123 3213 1214 3291 dedit,

202 3320 307 3367 socrus
337 3302 560 3367 immortalium
591 3305 771 3367 animarum
796 3301 880 3366 sedes
905 3304 934 3364 et
958 3299 1137 3365 caedestium
1162 3321 1214 3365 ar·
1227 3316 1250 3357 n

202 3411 282 3454 cana
308 3391 465 3473 reqionum
492 3391 528 3455 in
549 3392 617 3475 ipso
639 3389 843 3456 consummati
864 3389 964 3471 operis
983 3388 1113 3471 fastiqio
1137 3390 1213 3454 naa

200 3480 247 3543 oit
271 3480 427 3558 indicans,
453 3499 513 3560 quo
539 3479 588 3544 his
609 3478 848 3562 pnoenundum
874 3476 920 3542 oei
936 3477 1043 3567 potius
1065 3483 1212 3542 reverteri·
