<?xml version="1.0" encoding="UTF-8"?>
<!DOCTYPE html PUBLIC "-//W3C//DTD XHTML 1.0 Transitional//EN"
    "http://www.w3.org/TR/xhtml1/DTD/xhtml1-transitional.dtd">
<html xmlns="http://www.w3.org/1999/xhtml" xml:lang="en" lang="en">
 <head>
  <title>
</title>
<meta http-equiv="Content-Type" content="text/html;charset=utf-8" />
  <meta name='ocr-system' content='tesseract 3.04.00' />
  <meta name='ocr-capabilities' content='ocr_page ocr_carea ocr_par ocr_line ocrx_word'/>
</head>
<body>
  <div class='ocr_page' id='page_1' title='image "./scriptaquaemans02mullgoog_0351.png"; bbox 0 0 2596 3882; ppageno 0'>
   <div class='ocr_carea' id='block_1_1' title="bbox 185 151 833 220">
    <p class='ocr_par' dir='ltr' id='par_1_1' title="bbox 185 151 833 220">
     <span class='ocr_line' id='line_1_1' title="bbox 185 151 833 220; baseline -0.006 -10"><span class='ocrx_word' id='word_1_1' title='bbox 185 157 251 220; x_wconf 80' lang='grc'><strong>294</strong></span> <span class='ocrx_word' id='word_1_2' title='bbox 541 154 589 208; x_wconf 81' lang='lat' dir='ltr'><strong>DE</strong></span> <span class='ocrx_word' id='word_1_3' title='bbox 609 153 658 206; x_wconf 81' lang='lat' dir='ltr'><strong>RE</strong></span> <span class='ocrx_word' id='word_1_4' title='bbox 676 151 833 208; x_wconf 79' lang='lat' dir='ltr'>PUBLIOA</span> 
     </span>
    </p>
   </div>
   <div class='ocr_carea' id='block_1_2' title="bbox 183 295 1241 895">
    <p class='ocr_par' dir='ltr' id='par_1_2' title="bbox 183 295 1241 895">
     <span class='ocr_line' id='line_1_2' title="bbox 183 295 1197 385; baseline -0.004 -21"><span class='ocrx_word' id='word_1_5' title='bbox 183 296 507 385; x_wconf 73' lang='lat' dir='ltr'><strong>p.1ro]vinoullum,</strong></span> <span class='ocrx_word' id='word_1_6' title='bbox 533 298 585 363; x_wconf 91' lang='lat' dir='ltr'><strong>ius</strong></span> <span class='ocrx_word' id='word_1_7' title='bbox 613 301 722 364; x_wconf 81' lang='lat' dir='ltr'><strong>autem</strong></span> <span class='ocrx_word' id='word_1_8' title='bbox 751 297 835 384; x_wconf 84' lang='lat' dir='ltr'><strong>legis</strong></span> <span class='ocrx_word' id='word_1_9' title='bbox 863 297 1011 381; x_wconf 78' lang='lat' dir='ltr'><strong>aequale,</strong></span> <span class='ocrx_word' id='word_1_10' title='bbox 1037 315 1103 380; x_wconf 92' lang='lat' dir='ltr'><strong>quo</strong></span> <span class='ocrx_word' id='word_1_11' title='bbox 1126 295 1197 360; x_wconf 84' lang='lat' dir='ltr'><strong>iure</strong></span> 
     </span>
     <span class='ocr_line' id='line_1_3' title="bbox 184 383 1199 472; baseline -0.006 -18"><span class='ocrx_word' id='word_1_12' title='bbox 184 387 323 454; x_wconf 75' lang='lat' dir='ltr'><strong>societas</strong></span> <span class='ocrx_word' id='word_1_13' title='bbox 353 387 472 453; x_wconf 81' lang='lat' dir='ltr'><strong>civium</strong></span> <span class='ocrx_word' id='word_1_14' title='bbox 500 386 605 452; x_wconf 89' lang='lat' dir='ltr'><strong>teneri</strong></span> <span class='ocrx_word' id='word_1_15' title='bbox 632 388 756 472; x_wconf 89' lang='lat' dir='ltr'><strong>potest,</strong></span> <span class='ocrx_word' id='word_1_16' title='bbox 786 408 859 451; x_wconf 87' lang='lat' dir='ltr'><strong>cum</strong></span> <span class='ocrx_word' id='word_1_17' title='bbox 886 406 946 469; x_wconf 80' lang='lat' dir='ltr'><strong>pur</strong></span> <span class='ocrx_word' id='word_1_18' title='bbox 967 405 1034 449; x_wconf 90' lang='lat' dir='ltr'><strong>non</strong></span> <span class='ocrx_word' id='word_1_19' title='bbox 1057 383 1102 448; x_wconf 88' lang='lat' dir='ltr'><strong>sit</strong></span> <span class='ocrx_word' id='word_1_20' title='bbox 1124 404 1199 449; x_wconf 91' lang='lat' dir='ltr'><strong>con·</strong></span> 
     </span>
     <span class='ocr_line' id='line_1_4' title="bbox 185 472 1199 560; baseline -0.005 -19"><span class='ocrx_word' id='word_1_21' title='bbox 185 477 268 543; x_wconf 89' lang='lat' dir='ltr'><strong>dicio</strong></span> <span class='ocrx_word' id='word_1_22' title='bbox 295 475 437 541; x_wconf 82' lang='lat' dir='ltr'><strong>eivimn?</strong></span> <span class='ocrx_word' id='word_1_23' title='bbox 473 472 508 540; x_wconf 84' lang='lat' dir='ltr'><strong>si</strong></span> <span class='ocrx_word' id='word_1_24' title='bbox 535 475 622 540; x_wconf 89' lang='lat' dir='ltr'><strong>enim</strong></span> <span class='ocrx_word' id='word_1_25' title='bbox 649 474 803 560; x_wconf 82' lang='lat' dir='ltr'><strong>pecunias</strong></span> <span class='ocrx_word' id='word_1_26' title='bbox 831 473 965 557; x_wconf 77' lang='lat' dir='ltr'><strong>aequari</strong></span> <span class='ocrx_word' id='word_1_27' title='bbox 990 493 1057 538; x_wconf 91' lang='lat' dir='ltr'><strong>non</strong></span> <span class='ocrx_word' id='word_1_28' title='bbox 1079 472 1199 557; x_wconf 80' lang='lat' dir='ltr'><strong>placet,</strong></span> 
     </span>
     <span class='ocr_line' id='line_1_5' title="bbox 185 560 1199 651; baseline -0.006 -21"><span class='ocrx_word' id='word_1_29' title='bbox 185 566 215 631; x_wconf 77' lang='lat' dir='ltr'><strong>ci</strong></span> <span class='ocrx_word' id='word_1_30' title='bbox 235 564 369 651; x_wconf 81' lang='lat' dir='ltr'><strong>ingenis</strong></span> <span class='ocrx_word' id='word_1_31' title='bbox 390 563 535 629; x_wconf 90' lang='lat' dir='ltr'><strong>omnium</strong></span> <span class='ocrx_word' id='word_1_32' title='bbox 558 563 653 648; x_wconf 79' lang='lat' dir='ltr'><strong>paria</strong></span> <span class='ocrx_word' id='word_1_33' title='bbox 675 583 831 627; x_wconf 87' lang='lat' dir='ltr'><strong>essenon</strong></span> <span class='ocrx_word' id='word_1_34' title='bbox 849 563 997 647; x_wconf 77' lang='lat' dir='ltr'><strong>possunt,</strong></span> <span class='ocrx_word' id='word_1_35' title='bbox 1018 560 1092 625; x_wconf 82' lang='lat' dir='ltr'><strong>iurc</strong></span> <span class='ocrx_word' id='word_1_36' title='bbox 1109 564 1199 625; x_wconf 88' lang='lat' dir='ltr'><strong>ocrte</strong></span> 
     </span>
     <span class='ocr_line' id='line_1_6' title="bbox 184 648 1241 739; baseline -0.006 -21"><span class='ocrx_word' id='word_1_37' title='bbox 184 654 279 739; x_wconf 80' lang='lat' dir='ltr'><strong>puris</strong></span> <span class='ocrx_word' id='word_1_38' title='bbox 305 651 424 718; x_wconf 89' lang='lat' dir='ltr'><strong>debent</strong></span> <span class='ocrx_word' id='word_1_39' title='bbox 452 673 522 716; x_wconf 75' lang='lat' dir='ltr'><strong>esce</strong></span> <span class='ocrx_word' id='word_1_40' title='bbox 549 672 662 717; x_wconf 87' lang='lat' dir='ltr'><strong>corum</strong></span> <span class='ocrx_word' id='word_1_41' title='bbox 689 652 776 715; x_wconf 90' lang='lat' dir='ltr'><strong>inter</strong></span> <span class='ocrx_word' id='word_1_42' title='bbox 799 671 848 734; x_wconf 83' lang='lat' dir='ltr'><strong>se,</strong></span> <span class='ocrx_word' id='word_1_43' title='bbox 876 648 932 735; x_wconf 90' lang='lat' dir='ltr'><strong>qui</strong></span> <span class='ocrx_word' id='word_1_44' title='bbox 955 652 1032 714; x_wconf 85' lang='lat' dir='ltr'><strong>sunt</strong></span> <span class='ocrx_word' id='word_1_45' title='bbox 1054 648 1140 714; x_wconf 84' lang='lat' dir='ltr'><strong>cives</strong></span> <span class='ocrx_word' id='word_1_46' title='bbox 1163 649 1202 713; x_wconf 90' lang='lat' dir='ltr'><strong>in</strong></span> <span class='ocrx_word' id='word_1_47' title='bbox 1229 665 1241 705; x_wconf 74' lang='grc' dir='ltr'>ι</span> 
     </span>
     <span class='ocr_line' id='line_1_7' title="bbox 185 736 1202 825; baseline -0.005 -18"><span class='ocrx_word' id='word_1_48' title='bbox 185 742 298 807; x_wconf 81' lang='lat' dir='ltr'><strong>eadem</strong></span> <span class='ocrx_word' id='word_1_49' title='bbox 327 762 363 805; x_wconf 90' lang='lat' dir='ltr'><strong>re</strong></span> <span class='ocrx_word' id='word_1_50' title='bbox 392 739 531 825; x_wconf 82' lang='lat' dir='ltr'><strong>publica.</strong></span> <span class='ocrx_word' id='word_1_51' title='bbox 577 737 661 816; x_wconf 83' lang='lat' dir='ltr'>Quid</span> <span class='ocrx_word' id='word_1_52' title='bbox 690 742 741 804; x_wconf 90' lang='lat' dir='ltr'><strong>est</strong></span> <span class='ocrx_word' id='word_1_53' title='bbox 770 738 857 803; x_wconf 89' lang='lat' dir='ltr'><strong>enim</strong></span> <span class='ocrx_word' id='word_1_54' title='bbox 884 738 1000 804; x_wconf 79' lang='lat' dir='ltr'><strong>civitas</strong></span> <span class='ocrx_word' id='word_1_55' title='bbox 1026 736 1091 802; x_wconf 91' lang='lat' dir='ltr'><strong>nisi</strong></span> <span class='ocrx_word' id='word_1_56' title='bbox 1116 737 1202 802; x_wconf 88' lang='lat' dir='ltr'><strong>iuris</strong></span> 
     </span>
     <span class='ocr_line' id='line_1_8' title="bbox 186 829 428 895; baseline -0.008 -1"><span class='ocrx_word' id='word_1_57' title='bbox 186 829 362 895; x_wconf 65' lang='lat' dir='ltr'><strong>societesl.</strong></span> <span class='ocrx_word' id='word_1_58' title='bbox 377 877 384 893; x_wconf 90' lang='lat'><strong>.</strong></span> <span class='ocrx_word' id='word_1_59' title='bbox 399 877 428 893; x_wconf 87' lang='lat'><strong>..</strong></span> 
     </span>
    </p>
   </div>
   <div class='ocr_carea' id='block_1_3' title="bbox 133 968 983 1122">
    <p class='ocr_par' dir='ltr' id='par_1_3' title="bbox 133 968 983 1122">
     <span class='ocr_line' id='line_1_9' title="bbox 133 968 983 1122; baseline -0.006 -85"><span class='ocrx_word' id='word_1_60' title='bbox 133 1057 176 1122; x_wconf 70' lang='lat'><strong>33</strong></span> <span class='ocrx_word' id='word_1_61' title='bbox 400 968 640 1050; x_wconf 63' lang='lat' dir='ltr'><strong>[Desiderandus</strong></span> <span class='ocrx_word' id='word_1_62' title='bbox 657 969 795 1052; x_wconf 73' lang='lat' dir='ltr'><strong>popinae</strong></span> <span class='ocrx_word' id='word_1_63' title='bbox 816 969 983 1052; x_wconf 60' lang='lat' dir='ltr'><strong>quacun]</strong></span> 
     </span>
    </p>
   </div>
   <div class='ocr_carea' id='block_1_4' title="bbox 133 1090 1286 2325">
    <p class='ocr_par' dir='ltr' id='par_1_4' title="bbox 133 1090 1285 2150">
     <span class='ocr_line' id='line_1_10' title="bbox 133 1090 1202 1246; baseline -0.003 -88"><span class='ocrx_word' id='word_1_64' title='bbox 133 1134 169 1184; x_wconf 68' lang='lat'><strong>50</strong></span> <span class='ocrx_word' id='word_1_65' title='bbox 186 1121 213 1246; x_wconf 64' lang='lat' dir='ltr'><strong>q.</strong></span> <span class='ocrx_word' id='word_1_66' title='bbox 233 1095 280 1174; x_wconf 78' lang='lat' dir='ltr'><strong>cs]</strong></span> <span class='ocrx_word' id='word_1_67' title='bbox 327 1090 483 1244; x_wconf 51' lang='lat' dir='ltr'><strong>thterjcs</strong></span> <span class='ocrx_word' id='word_1_68' title='bbox 506 1114 583 1193; x_wconf 79' lang='lat' dir='ltr'><strong>vero</strong></span> <span class='ocrx_word' id='word_1_69' title='bbox 602 1113 654 1245; x_wconf 52' lang='lat' dir='ltr'><strong>pleps</strong></span> <span class='ocrx_word' id='word_1_70' title='bbox 672 1091 820 1245; x_wconf 48' lang='lat' dir='ltr'><strong>pum-iim</strong></span> <span class='ocrx_word' id='word_1_71' title='bbox 838 1113 886 1242; x_wconf 53' lang='lat' dir='ltr'><strong>ll]</strong></span> <span class='ocrx_word' id='word_1_72' title='bbox 899 1091 1202 1244; x_wconf 55' lang='lat' dir='ltr'><strong>appellcndeslqui</strong></span> 
     </span>
     <span class='ocr_line' id='line_1_11' title="bbox 185 1200 1242 1355; baseline 0 -21"><span class='ocrx_word' id='word_1_73' title='bbox 185 1203 327 1334; x_wconf 48' lang='grc' dir='ltr'><strong>ιιὲῗίιιὲ11</strong></span> <span class='ocrx_word' id='word_1_74' title='bbox 344 1203 410 1334; x_wconf 65' lang='lat' dir='ltr'><strong>dtr</strong></span> <span class='ocrx_word' id='word_1_75' title='bbox 423 1201 684 1355; x_wconf 54' lang='lat' dir='ltr'><strong>qqiqpqqqeiq,</strong></span> <span class='ocrx_word' id='word_1_76' title='bbox 706 1201 869 1353; x_wconf 58' lang='lat' dir='ltr'><strong>diupellsed</strong></span> <span class='ocrx_word' id='word_1_77' title='bbox 889 1200 1122 1352; x_wconf 59' lang='lat' dir='ltr'><strong>lbvidsdptidii</strong></span> <span class='ocrx_word' id='word_1_78' title='bbox 1142 1203 1203 1334; x_wconf 47' lang='grc' dir='ltr'><strong>ἐξ</strong></span> <span class='ocrx_word' id='word_1_79' title='bbox 1217 1287 1242 1326; x_wconf 81' lang='lat'><strong>10</strong></span> 
     </span>
     <span class='ocr_line' id='line_1_12' title="bbox 187 1355 1204 1441; baseline -0.001 -19"><span class='ocrx_word' id='word_1_80' title='bbox 187 1357 273 1422; x_wconf 90' lang='lat' dir='ltr'><strong>mine</strong></span> <span class='ocrx_word' id='word_1_81' title='bbox 304 1357 470 1422; x_wconf 90' lang='lat' dir='ltr'><strong>hominem</strong></span> <span class='ocrx_word' id='word_1_82' title='bbox 502 1357 688 1422; x_wconf 83' lang='lat' dir='ltr'><strong>dominandi</strong></span> <span class='ocrx_word' id='word_1_83' title='bbox 717 1356 868 1441; x_wconf 86' lang='lat' dir='ltr'><strong>cupidum</strong></span> <span class='ocrx_word' id='word_1_84' title='bbox 897 1359 954 1420; x_wconf 82' lang='lat' dir='ltr'><strong>aut</strong></span> <span class='ocrx_word' id='word_1_85' title='bbox 980 1355 1110 1441; x_wconf 90' lang='lat' dir='ltr'><strong>imperii</strong></span> <span class='ocrx_word' id='word_1_86' title='bbox 1137 1357 1204 1421; x_wconf 88' lang='lat' dir='ltr'><strong>sin-</strong></span> 
     </span>
     <span class='ocr_line' id='line_1_13' title="bbox 188 1444 1203 1532; baseline 0.001 -23"><span class='ocrx_word' id='word_1_87' title='bbox 188 1445 321 1532; x_wconf 76' lang='lat' dir='ltr'><strong>gularis,</strong></span> <span class='ocrx_word' id='word_1_88' title='bbox 339 1445 461 1530; x_wconf 90' lang='lat' dir='ltr'><strong>populo</strong></span> <span class='ocrx_word' id='word_1_89' title='bbox 481 1467 637 1530; x_wconf 89' lang='lat' dir='ltr'><strong>oppresso</strong></span> <span class='ocrx_word' id='word_1_90' title='bbox 657 1444 887 1527; x_wconf 76' lang='lat' dir='ltr'><strong>dominantem,</strong></span> <span class='ocrx_word' id='word_1_91' title='bbox 907 1465 972 1508; x_wconf 88' lang='lat' dir='ltr'><strong>non</strong></span> <span class='ocrx_word' id='word_1_92' title='bbox 991 1447 1203 1528; x_wconf 75' lang='lat' dir='ltr'><strong>tyrannum</strong></span> 
     </span>
     <span class='ocr_line' id='line_1_14' title="bbox 186 1534 1202 1619; baseline -0.001 -20"><span class='ocrx_word' id='word_1_93' title='bbox 186 1534 320 1619; x_wconf 79' lang='lat' dir='ltr'><strong>potius?</strong></span> <span class='ocrx_word' id='word_1_94' title='bbox 347 1536 417 1598; x_wconf 80' lang='lat' dir='ltr'><strong>tem</strong></span> <span class='ocrx_word' id='word_1_95' title='bbox 445 1535 531 1599; x_wconf 90' lang='lat' dir='ltr'><strong>enim</strong></span> <span class='ocrx_word' id='word_1_96' title='bbox 555 1555 625 1598; x_wconf 89' lang='lat' dir='ltr'><strong>esse</strong></span> <span class='ocrx_word' id='word_1_97' title='bbox 649 1535 789 1598; x_wconf 83' lang='lat' dir='ltr'><strong>clemens</strong></span> <span class='ocrx_word' id='word_1_98' title='bbox 812 1536 970 1617; x_wconf 75' lang='lat' dir='ltr'><strong>tyrannus</strong></span> <span class='ocrx_word' id='word_1_99' title='bbox 995 1553 1092 1616; x_wconf 84' lang='lat' dir='ltr'><strong>quam</strong></span> <span class='ocrx_word' id='word_1_100' title='bbox 1117 1535 1202 1616; x_wconf 85' lang='lat' dir='ltr'><strong>[rex]</strong></span> 
     </span>
     <span class='ocr_line' id='line_1_15' title="bbox 187 1621 1204 1708; baseline 0.001 -22"><span class='ocrx_word' id='word_1_101' title='bbox 187 1623 382 1708; x_wconf 87' lang='lat' dir='ltr'><strong>inportunus</strong></span> <span class='ocrx_word' id='word_1_102' title='bbox 404 1625 528 1707; x_wconf 80' lang='lat' dir='ltr'><strong>potest3</strong></span> <span class='ocrx_word' id='word_1_103' title='bbox 555 1625 594 1686; x_wconf 91' lang='lat' dir='ltr'><strong>ut</strong></span> <span class='ocrx_word' id='word_1_104' title='bbox 615 1622 678 1687; x_wconf 90' lang='lat' dir='ltr'><strong>hoo</strong></span> <span class='ocrx_word' id='word_1_105' title='bbox 700 1622 897 1706; x_wconf 89' lang='lat' dir='ltr'><strong>populorum</strong></span> <span class='ocrx_word' id='word_1_106' title='bbox 919 1621 1063 1705; x_wconf 88' lang='lat' dir='ltr'><strong>intersit,</strong></span> <span class='ocrx_word' id='word_1_107' title='bbox 1089 1625 1204 1687; x_wconf 88' lang='lat' dir='ltr'><strong>utrum</strong></span> 
     </span>
     <span class='ocr_line' id='line_1_16' title="bbox 187 1709 1244 1814; baseline -0.002 -38"><span class='ocrx_word' id='word_1_108' title='bbox 187 1710 273 1776; x_wconf 83' lang='lat' dir='ltr'><strong>comi</strong></span> <span class='ocrx_word' id='word_1_109' title='bbox 308 1710 439 1775; x_wconf 91' lang='lat' dir='ltr'><strong>domino</strong></span> <span class='ocrx_word' id='word_1_110' title='bbox 476 1732 519 1775; x_wconf 81' lang='lat' dir='ltr'><strong>sn</strong></span> <span class='ocrx_word' id='word_1_111' title='bbox 555 1731 671 1794; x_wconf 78' lang='lat' dir='ltr'><strong>aspero</strong></span> <span class='ocrx_word' id='word_1_112' title='bbox 708 1709 866 1793; x_wconf 81' lang='lat' dir='ltr'><strong>servisnt3</strong></span> <span class='ocrx_word' id='word_1_113' title='bbox 903 1709 982 1793; x_wconf 91' lang='lat' dir='ltr'><strong>quin</strong></span> <span class='ocrx_word' id='word_1_114' title='bbox 1019 1709 1166 1774; x_wconf 80' lang='lat' dir='ltr'><strong>serviant</strong></span> <span class='ocrx_word' id='word_1_115' title='bbox 1193 1709 1244 1814; x_wconf 58' lang='lat'><strong>11⁵</strong></span> 
     </span>
     <span class='ocr_line' id='line_1_17' title="bbox 188 1795 1285 1883; baseline 0.002 -21"><span class='ocrx_word' id='word_1_116' title='bbox 188 1828 215 1879; x_wconf 89' lang='lat' dir='ltr'><strong>p.</strong></span> <span class='ocrx_word' id='word_1_117' title='bbox 222 1801 269 1880; x_wconf 79' lang='lat'><strong>54]</strong></span> <span class='ocrx_word' id='word_1_118' title='bbox 285 1799 422 1883; x_wconf 90' lang='lat' dir='ltr'><strong>quidem,</strong></span> <span class='ocrx_word' id='word_1_119' title='bbox 436 1798 508 1863; x_wconf 89' lang='lat' dir='ltr'><strong>fieri</strong></span> <span class='ocrx_word' id='word_1_120' title='bbox 520 1819 587 1863; x_wconf 91' lang='lat' dir='ltr'><strong>non</strong></span> <span class='ocrx_word' id='word_1_121' title='bbox 600 1801 719 1882; x_wconf 88' lang='lat' dir='ltr'><strong>potest.</strong></span> <span class='ocrx_word' id='word_1_122' title='bbox 744 1795 814 1874; x_wconf 83' lang='lat' dir='ltr'><strong>Quo</strong></span> <span class='ocrx_word' id='word_1_123' title='bbox 830 1801 939 1862; x_wconf 82' lang='lat' dir='ltr'><strong>sutem</strong></span> <span class='ocrx_word' id='word_1_124' title='bbox 955 1797 1051 1862; x_wconf 92' lang='lat' dir='ltr'><strong>modo</strong></span> <span class='ocrx_word' id='word_1_125' title='bbox 1066 1798 1203 1883; x_wconf 83' lang='lat' dir='ltr'><strong>cdseqm</strong></span> <span class='ocrx_word' id='word_1_126' title='bbox 1284 1857 1285 1864; x_wconf 51' lang='grc'>.</span> 
     </span>
     <span class='ocr_line' id='line_1_18' title="bbox 187 1885 1203 1972; baseline 0 -20"><span class='ocrx_word' id='word_1_127' title='bbox 187 1890 318 1972; x_wconf 86' lang='lat' dir='ltr'><strong>poterat</strong></span> <span class='ocrx_word' id='word_1_128' title='bbox 336 1885 535 1952; x_wconf 76' lang='lat' dir='ltr'>Lacedaemo</span> <span class='ocrx_word' id='word_1_129' title='bbox 558 1887 618 1951; x_wconf 78' lang='lat' dir='ltr'><strong>illu</strong></span> <span class='ocrx_word' id='word_1_130' title='bbox 640 1889 721 1969; x_wconf 87' lang='lat' dir='ltr'><strong>tum,</strong></span> <span class='ocrx_word' id='word_1_131' title='bbox 743 1908 817 1951; x_wconf 89' lang='lat' dir='ltr'><strong>cum</strong></span> <span class='ocrx_word' id='word_1_132' title='bbox 835 1889 1003 1971; x_wconf 81' lang='lat' dir='ltr'><strong>proestare</strong></span> <span class='ocrx_word' id='word_1_133' title='bbox 1021 1887 1203 1970; x_wconf 73' lang='lat' dir='ltr'><strong>putubatur</strong></span> 
     </span>
     <span class='ocr_line' id='line_1_19' title="bbox 188 1974 1204 2060; baseline -0.001 -20"><span class='ocrx_word' id='word_1_134' title='bbox 188 1975 362 2060; x_wconf 75' lang='lat' dir='ltr'><strong>disciplina</strong></span> <span class='ocrx_word' id='word_1_135' title='bbox 383 1975 431 2039; x_wconf 92' lang='lat' dir='ltr'><strong>rei</strong></span> <span class='ocrx_word' id='word_1_136' title='bbox 454 1974 613 2059; x_wconf 87' lang='lat' dir='ltr'><strong>publicae,</strong></span> <span class='ocrx_word' id='word_1_137' title='bbox 635 1977 673 2038; x_wconf 89' lang='lat' dir='ltr'><strong>ut</strong></span> <span class='ocrx_word' id='word_1_138' title='bbox 694 1974 789 2039; x_wconf 92' lang='lat' dir='ltr'><strong>bonis</strong></span> <span class='ocrx_word' id='word_1_139' title='bbox 810 1977 957 2038; x_wconf 87' lang='lat' dir='ltr'><strong>uteretur</strong></span> <span class='ocrx_word' id='word_1_140' title='bbox 975 1974 1136 2058; x_wconf 87' lang='lat' dir='ltr'><strong>iustisque</strong></span> <span class='ocrx_word' id='word_1_141' title='bbox 1153 1997 1204 2040; x_wconf 89' lang='lat' dir='ltr'><strong>re·</strong></span> 
     </span>
     <span class='ocr_line' id='line_1_20' title="bbox 189 2062 1204 2150; baseline -0.001 -21"><span class='ocrx_word' id='word_1_142' title='bbox 189 2063 295 2150; x_wconf 80' lang='lat' dir='ltr'><strong>gibus,</strong></span> <span class='ocrx_word' id='word_1_143' title='bbox 318 2086 391 2129; x_wconf 87' lang='lat' dir='ltr'><strong>eum</strong></span> <span class='ocrx_word' id='word_1_144' title='bbox 414 2067 500 2128; x_wconf 82' lang='lat' dir='ltr'><strong>esset</strong></span> <span class='ocrx_word' id='word_1_145' title='bbox 522 2062 690 2127; x_wconf 83' lang='lat' dir='ltr'><strong>habendus</strong></span> <span class='ocrx_word' id='word_1_146' title='bbox 712 2084 778 2146; x_wconf 81' lang='lat' dir='ltr'><strong>rex,</strong></span> <span class='ocrx_word' id='word_1_147' title='bbox 802 2063 994 2146; x_wconf 79' lang='lat' dir='ltr'><strong>quicumque</strong></span> <span class='ocrx_word' id='word_1_148' title='bbox 1017 2084 1136 2148; x_wconf 83' lang='lat' dir='ltr'><strong>genere</strong></span> <span class='ocrx_word' id='word_1_149' title='bbox 1155 2085 1204 2129; x_wconf 74' lang='lat' dir='ltr'><strong>re</strong></span> 
     </span>
    </p>

    <p class='ocr_par' dir='ltr' id='par_1_5' title="bbox 188 2148 1286 2325">
     <span class='ocr_line' id='line_1_21' title="bbox 188 2148 1286 2238; baseline -0.001 -21"><span class='ocrx_word' id='word_1_150' title='bbox 188 2152 243 2238; x_wconf 82' lang='lat' dir='ltr'><strong>gio</strong></span> <span class='ocrx_word' id='word_1_151' title='bbox 270 2154 368 2216; x_wconf 82' lang='lat' dir='ltr'><strong>natus</strong></span> <span class='ocrx_word' id='word_1_152' title='bbox 396 2152 505 2216; x_wconf 80' lang='lat' dir='ltr'><strong>esset?</strong></span> <span class='ocrx_word' id='word_1_153' title='bbox 540 2148 628 2215; x_wconf 83' lang='lat' dir='ltr'><strong>Nem</strong></span> <span class='ocrx_word' id='word_1_154' title='bbox 656 2150 825 2236; x_wconf 80' lang='lat' dir='ltr'><strong>optimatis</strong></span> <span class='ocrx_word' id='word_1_155' title='bbox 853 2150 982 2235; x_wconf 89' lang='lat' dir='ltr'><strong>quidem</strong></span> <span class='ocrx_word' id='word_1_156' title='bbox 1011 2151 1082 2234; x_wconf 75' lang='lat' dir='ltr'><strong>quis</strong></span> <span class='ocrx_word' id='word_1_157' title='bbox 1105 2151 1203 2235; x_wconf 80' lang='lat' dir='ltr'><strong>feret,</strong></span> <span class='ocrx_word' id='word_1_158' title='bbox 1218 2169 1245 2210; x_wconf 73' lang='lat' dir='ltr'><strong>so</strong></span> <span class='ocrx_word' id='word_1_159' title='bbox 1285 2159 1286 2208; x_wconf 80' lang='lat' dir='ltr'><strong>l</strong></span> 
     </span>
     <span class='ocr_line' id='line_1_22' title="bbox 189 2238 1286 2325; baseline -0.003 -20"><span class='ocrx_word' id='word_1_160' title='bbox 189 2239 245 2325; x_wconf 91' lang='lat' dir='ltr'><strong>qui</strong></span> <span class='ocrx_word' id='word_1_161' title='bbox 270 2261 338 2306; x_wconf 88' lang='lat' dir='ltr'><strong>non</strong></span> <span class='ocrx_word' id='word_1_162' title='bbox 364 2239 479 2325; x_wconf 90' lang='lat' dir='ltr'><strong>populi</strong></span> <span class='ocrx_word' id='word_1_163' title='bbox 507 2261 674 2322; x_wconf 84' lang='lat' dir='ltr'><strong>concessu,</strong></span> <span class='ocrx_word' id='word_1_164' title='bbox 704 2239 760 2303; x_wconf 91' lang='lat' dir='ltr'><strong>sed</strong></span> <span class='ocrx_word' id='word_1_165' title='bbox 788 2238 854 2303; x_wconf 91' lang='lat' dir='ltr'><strong>suis</strong></span> <span class='ocrx_word' id='word_1_166' title='bbox 883 2239 1023 2303; x_wconf 82' lang='lat' dir='ltr'><strong>comitiis</strong></span> <span class='ocrx_word' id='word_1_167' title='bbox 1051 2238 1114 2306; x_wconf 91' lang='lat' dir='ltr'><strong>hoo</strong></span> <span class='ocrx_word' id='word_1_168' title='bbox 1137 2241 1203 2305; x_wconf 91' lang='lat' dir='ltr'><strong>sibi</strong></span> <span class='ocrx_word' id='word_1_169' title='bbox 1285 2267 1286 2302; x_wconf 64' lang='grc'><em>;</em></span> 
     </span>
    </p>
   </div>
   <div class='ocr_carea' id='block_1_5' title="bbox 187 2325 1286 2500">
    <p class='ocr_par' dir='ltr' id='par_1_6' title="bbox 187 2325 1286 2500">
     <span class='ocr_line' id='line_1_23' title="bbox 187 2325 1286 2414; baseline -0.001 -21"><span class='ocrx_word' id='word_1_170' title='bbox 187 2350 308 2393; x_wconf 91' lang='lat' dir='ltr'><strong>nomen</strong></span> <span class='ocrx_word' id='word_1_171' title='bbox 335 2328 599 2414; x_wconf 78' lang='lat' dir='ltr'><strong>adrogaverunt?</strong></span> <span class='ocrx_word' id='word_1_172' title='bbox 636 2325 699 2402; x_wconf 82' lang='lat' dir='ltr'><strong>Qui</strong></span> <span class='ocrx_word' id='word_1_173' title='bbox 726 2326 812 2391; x_wconf 91' lang='lat' dir='ltr'><strong>enim</strong></span> <span class='ocrx_word' id='word_1_174' title='bbox 839 2327 1000 2392; x_wconf 81' lang='lat' dir='ltr'><strong>iudicatur</strong></span> <span class='ocrx_word' id='word_1_175' title='bbox 1025 2327 1090 2393; x_wconf 88' lang='lat' dir='ltr'><strong>iste</strong></span> <span class='ocrx_word' id='word_1_176' title='bbox 1118 2330 1203 2414; x_wconf 89' lang='lat' dir='ltr'><strong>opti·</strong></span> <span class='ocrx_word' id='word_1_177' title='bbox 1283 2351 1286 2384; x_wconf 77' lang='grc' dir='ltr'>ι</span> 
     </span>
     <span class='ocr_line' id='line_1_24' title="bbox 188 2415 1286 2500; baseline -0.004 -19"><span class='ocrx_word' id='word_1_178' title='bbox 188 2417 284 2482; x_wconf 77' lang='lat' dir='ltr'><strong>mus?</strong></span> <span class='ocrx_word' id='word_1_179' title='bbox 307 2415 464 2500; x_wconf 83' lang='lat' dir='ltr'><strong>doctrina,</strong></span> <span class='ocrx_word' id='word_1_180' title='bbox 488 2416 623 2499; x_wconf 81' lang='lat' dir='ltr'><strong>ortibus,</strong></span> <span class='ocrx_word' id='word_1_181' title='bbox 646 2415 778 2480; x_wconf 88' lang='lat' dir='ltr'><strong>studiis.</strong></span> <span class='ocrx_word' id='word_1_182' title='bbox 793 2465 801 2479; x_wconf 88' lang='lat'><strong>.</strong></span> <span class='ocrx_word' id='word_1_183' title='bbox 816 2464 846 2480; x_wconf 91' lang='lat'><strong>..</strong></span> <span class='ocrx_word' id='word_1_184' title='bbox 1285 2429 1286 2434; x_wconf 74' lang='grc'>’</span> 
     </span>
    </p>
   </div>
   <div class='ocr_carea' id='block_1_6' title="bbox 135 2555 987 2708">
    <p class='ocr_par' dir='ltr' id='par_1_7' title="bbox 135 2555 987 2708">
     <span class='ocr_line' id='line_1_25' title="bbox 135 2555 987 2708; baseline 0 -86"><span class='ocrx_word' id='word_1_185' title='bbox 135 2643 180 2708; x_wconf 68' lang='lat'><strong>34</strong></span> <span class='ocrx_word' id='word_1_186' title='bbox 402 2555 644 2637; x_wconf 77' lang='lat' dir='ltr'><strong>[Desiderautur</strong></span> <span class='ocrx_word' id='word_1_187' title='bbox 660 2558 797 2639; x_wconf 72' lang='lat' dir='ltr'><strong>popinae</strong></span> <span class='ocrx_word' id='word_1_188' title='bbox 819 2558 987 2638; x_wconf 63' lang='lat' dir='ltr'><strong>quattuor]</strong></span> 
     </span>
    </p>
   </div>
   <div class='ocr_carea' id='block_1_7' title="bbox 135 2678 1245 3560">
    <p class='ocr_par' dir='ltr' id='par_1_8' title="bbox 135 2678 1245 3560">
     <span class='ocr_line' id='line_1_26' title="bbox 135 2678 1205 2769; baseline 0.003 -25"><span class='ocrx_word' id='word_1_189' title='bbox 135 2719 169 2769; x_wconf 78' lang='lat'><strong>51</strong></span> <span class='ocrx_word' id='word_1_190' title='bbox 188 2708 215 2761; x_wconf 90' lang='lat' dir='ltr'><strong>p.</strong></span> <span class='ocrx_word' id='word_1_191' title='bbox 236 2682 301 2761; x_wconf 70' lang='grc' dir='ltr'>ιιι]</span> <span class='ocrx_word' id='word_1_192' title='bbox 376 2679 488 2745; x_wconf 88' lang='lat' dir='ltr'><strong>....si</strong></span> <span class='ocrx_word' id='word_1_193' title='bbox 509 2678 647 2743; x_wconf 86' lang='lat' dir='ltr'><strong>fortuito</strong></span> <span class='ocrx_word' id='word_1_194' title='bbox 669 2679 703 2742; x_wconf 93' lang='lat' dir='ltr'><strong>id</strong></span> <span class='ocrx_word' id='word_1_195' title='bbox 725 2678 833 2764; x_wconf 83' lang='lat' dir='ltr'><strong>faciet,</strong></span> <span class='ocrx_word' id='word_1_196' title='bbox 854 2683 924 2745; x_wconf 79' lang='lat' dir='ltr'><strong>tum</strong></span> <span class='ocrx_word' id='word_1_197' title='bbox 946 2680 1012 2746; x_wconf 91' lang='lat' dir='ltr'><strong>cito</strong></span> <span class='ocrx_word' id='word_1_198' title='bbox 1036 2684 1205 2748; x_wconf 83' lang='lat' dir='ltr'><strong>evertetur</strong></span> 
     </span>
     <span class='ocr_line' id='line_1_27' title="bbox 189 2766 1245 2855; baseline -0.004 -22"><span class='ocrx_word' id='word_1_199' title='bbox 189 2790 288 2854; x_wconf 79' lang='lat' dir='ltr'><strong>quom</strong></span> <span class='ocrx_word' id='word_1_200' title='bbox 315 2767 424 2852; x_wconf 83' lang='lat' dir='ltr'><strong>nevis,</strong></span> <span class='ocrx_word' id='word_1_201' title='bbox 454 2766 482 2831; x_wconf 94' lang='lat' dir='ltr'><strong>si</strong></span> <span class='ocrx_word' id='word_1_202' title='bbox 509 2788 526 2832; x_wconf 88' lang='lat' dir='ltr'><strong>e</strong></span> <span class='ocrx_word' id='word_1_203' title='bbox 552 2766 738 2832; x_wconf 78' lang='lat' dir='ltr'><strong>vectoribus</strong></span> <span class='ocrx_word' id='word_1_204' title='bbox 766 2771 855 2833; x_wconf 86' lang='lat' dir='ltr'><strong>sorte</strong></span> <span class='ocrx_word' id='word_1_205' title='bbox 882 2768 997 2834; x_wconf 89' lang='lat' dir='ltr'><strong>ductus</strong></span> <span class='ocrx_word' id='word_1_206' title='bbox 1021 2769 1062 2834; x_wconf 80' lang='lat' dir='ltr'><strong>ad</strong></span> <span class='ocrx_word' id='word_1_207' title='bbox 1085 2770 1204 2855; x_wconf 80' lang='lat' dir='ltr'><strong>guber·</strong></span> <span class='ocrx_word' id='word_1_208' title='bbox 1218 2788 1245 2829; x_wconf 79' lang='lat' dir='ltr'><strong>ss</strong></span> 
     </span>
     <span class='ocr_line' id='line_1_28' title="bbox 187 2851 1197 2944; baseline 0.001 -22"><span class='ocrx_word' id='word_1_209' title='bbox 187 2857 306 2922; x_wconf 78' lang='lat' dir='ltr'><strong>nucula</strong></span> <span class='ocrx_word' id='word_1_210' title='bbox 329 2855 510 2921; x_wconf 79' lang='lat' dir='ltr'><strong>occesserit.</strong></span> <span class='ocrx_word' id='word_1_211' title='bbox 554 2851 676 2930; x_wconf 83' lang='lat' dir='ltr'><strong>Quodsi</strong></span> <span class='ocrx_word' id='word_1_212' title='bbox 698 2855 783 2919; x_wconf 91' lang='lat' dir='ltr'><strong>liber</strong></span> <span class='ocrx_word' id='word_1_213' title='bbox 804 2856 945 2941; x_wconf 89' lang='lat' dir='ltr'><strong>populus</strong></span> <span class='ocrx_word' id='word_1_214' title='bbox 969 2858 1105 2944; x_wconf 80' lang='lat' dir='ltr'><strong>deliget,</strong></span> <span class='ocrx_word' id='word_1_215' title='bbox 1133 2859 1197 2942; x_wconf 90' lang='lat' dir='ltr'><strong>qui-</strong></span> 
     </span>
     <span class='ocr_line' id='line_1_29' title="bbox 188 2942 1204 3028; baseline 0.003 -20"><span class='ocrx_word' id='word_1_216' title='bbox 188 2945 249 3010; x_wconf 90' lang='lat' dir='ltr'><strong>bus</strong></span> <span class='ocrx_word' id='word_1_217' title='bbox 283 2965 317 3009; x_wconf 90' lang='lat' dir='ltr'><strong>se</strong></span> <span class='ocrx_word' id='word_1_218' title='bbox 349 2943 547 3026; x_wconf 87' lang='lat' dir='ltr'><strong>committat,</strong></span> <span class='ocrx_word' id='word_1_219' title='bbox 580 2942 779 3028; x_wconf 83' lang='lat' dir='ltr'><strong>deligetque,</strong></span> <span class='ocrx_word' id='word_1_220' title='bbox 811 2944 840 3008; x_wconf 90' lang='lat' dir='ltr'><strong>si</strong></span> <span class='ocrx_word' id='word_1_221' title='bbox 867 2945 962 3010; x_wconf 91' lang='lat' dir='ltr'><strong>modo</strong></span> <span class='ocrx_word' id='word_1_222' title='bbox 992 2946 1102 3010; x_wconf 83' lang='lat' dir='ltr'><strong>solvus</strong></span> <span class='ocrx_word' id='word_1_223' title='bbox 1129 2967 1204 3012; x_wconf 89' lang='lat' dir='ltr'><strong>esse</strong></span> 
     </span>
     <span class='ocr_line' id='line_1_30' title="bbox 188 3031 1204 3117; baseline 0.004 -21"><span class='ocrx_word' id='word_1_224' title='bbox 188 3033 269 3115; x_wconf 86' lang='lat' dir='ltr'><strong>vult,</strong></span> <span class='ocrx_word' id='word_1_225' title='bbox 291 3033 452 3116; x_wconf 89' lang='lat' dir='ltr'><strong>optimum</strong></span> <span class='ocrx_word' id='word_1_226' title='bbox 476 3052 644 3115; x_wconf 89' lang='lat' dir='ltr'><strong>quemque,</strong></span> <span class='ocrx_word' id='word_1_227' title='bbox 668 3035 754 3096; x_wconf 87' lang='lat' dir='ltr'><strong>certo</strong></span> <span class='ocrx_word' id='word_1_228' title='bbox 776 3031 811 3095; x_wconf 89' lang='lat' dir='ltr'><strong>in</strong></span> <span class='ocrx_word' id='word_1_229' title='bbox 833 3033 1032 3117; x_wconf 87' lang='lat' dir='ltr'><strong>optimorum</strong></span> <span class='ocrx_word' id='word_1_230' title='bbox 1056 3034 1204 3100; x_wconf 87' lang='lat' dir='ltr'><strong>consiliis</strong></span> 
     </span>
     <span class='ocr_line' id='line_1_31' title="bbox 188 3119 1204 3204; baseline 0.003 -19"><span class='ocrx_word' id='word_1_231' title='bbox 188 3120 298 3204; x_wconf 83' lang='lat' dir='ltr'><strong>posita</strong></span> <span class='ocrx_word' id='word_1_232' title='bbox 326 3123 376 3184; x_wconf 88' lang='lat' dir='ltr'><strong>est</strong></span> <span class='ocrx_word' id='word_1_233' title='bbox 404 3119 586 3186; x_wconf 81' lang='lat' dir='ltr'><strong>civitatium</strong></span> <span class='ocrx_word' id='word_1_234' title='bbox 615 3119 717 3203; x_wconf 80' lang='lat' dir='ltr'><strong>sulus,</strong></span> <span class='ocrx_word' id='word_1_235' title='bbox 744 3121 937 3204; x_wconf 83' lang='lat' dir='ltr'><strong>praesertim</strong></span> <span class='ocrx_word' id='word_1_236' title='bbox 964 3143 1036 3187; x_wconf 88' lang='lat' dir='ltr'><strong>cum</strong></span> <span class='ocrx_word' id='word_1_237' title='bbox 1060 3122 1123 3188; x_wconf 88' lang='lat' dir='ltr'><strong>hoo</strong></span> <span class='ocrx_word' id='word_1_238' title='bbox 1144 3145 1204 3188; x_wconf 82' lang='lat' dir='ltr'><strong>ns·</strong></span> 
     </span>
     <span class='ocr_line' id='line_1_32' title="bbox 189 3207 1245 3292; baseline 0 -20"><span class='ocrx_word' id='word_1_239' title='bbox 189 3212 265 3272; x_wconf 80' lang='lat' dir='ltr'><strong>turs</strong></span> <span class='ocrx_word' id='word_1_240' title='bbox 290 3207 418 3292; x_wconf 89' lang='lat' dir='ltr'><strong>tulerit,</strong></span> <span class='ocrx_word' id='word_1_241' title='bbox 445 3229 511 3272; x_wconf 90' lang='lat' dir='ltr'><strong>non</strong></span> <span class='ocrx_word' id='word_1_242' title='bbox 539 3208 644 3272; x_wconf 92' lang='lat' dir='ltr'><strong>solum</strong></span> <span class='ocrx_word' id='word_1_243' title='bbox 671 3210 709 3271; x_wconf 87' lang='lat' dir='ltr'><strong>ut</strong></span> <span class='ocrx_word' id='word_1_244' title='bbox 735 3208 854 3272; x_wconf 91' lang='lat' dir='ltr'><strong>summi</strong></span> <span class='ocrx_word' id='word_1_245' title='bbox 881 3210 1002 3275; x_wconf 84' lang='lat' dir='ltr'><strong>virtute</strong></span> <span class='ocrx_word' id='word_1_246' title='bbox 1030 3213 1064 3274; x_wconf 92' lang='lat' dir='ltr'><strong>et</strong></span> <span class='ocrx_word' id='word_1_247' title='bbox 1090 3211 1202 3276; x_wconf 84' lang='lat' dir='ltr'><strong>animo</strong></span> <span class='ocrx_word' id='word_1_248' title='bbox 1219 3230 1245 3272; x_wconf 87' lang='grc' dir='ltr'><strong>ιι</strong></span> 
     </span>
     <span class='ocr_line' id='line_1_33' title="bbox 188 3290 1203 3383; baseline 0.005 -24"><span class='ocrx_word' id='word_1_249' title='bbox 188 3298 376 3380; x_wconf 78' lang='lat' dir='ltr'><strong>praeessent</strong></span> <span class='ocrx_word' id='word_1_250' title='bbox 393 3295 661 3379; x_wconf 86' lang='lat' dir='ltr'><strong>inbecillioribus,</strong></span> <span class='ocrx_word' id='word_1_251' title='bbox 681 3295 737 3360; x_wconf 89' lang='lat' dir='ltr'><strong>sed</strong></span> <span class='ocrx_word' id='word_1_252' title='bbox 755 3299 793 3360; x_wconf 89' lang='lat' dir='ltr'><strong>ut</strong></span> <span class='ocrx_word' id='word_1_253' title='bbox 810 3290 846 3360; x_wconf 86' lang='lat' dir='ltr'><strong>hi</strong></span> <span class='ocrx_word' id='word_1_254' title='bbox 865 3297 964 3362; x_wconf 81' lang='lat' dir='ltr'><strong>etiem</strong></span> <span class='ocrx_word' id='word_1_255' title='bbox 982 3320 1096 3383; x_wconf 82' lang='lat' dir='ltr'><strong>perere</strong></span> <span class='ocrx_word' id='word_1_256' title='bbox 1115 3320 1203 3364; x_wconf 87' lang='lat' dir='ltr'><strong>sum·</strong></span> 
     </span>
     <span class='ocr_line' id='line_1_34' title="bbox 188 3381 1204 3473; baseline 0.006 -27"><span class='ocrx_word' id='word_1_257' title='bbox 188 3410 216 3462; x_wconf 89' lang='lat' dir='ltr'><strong>p.</strong></span> <span class='ocrx_word' id='word_1_258' title='bbox 233 3385 297 3462; x_wconf 85' lang='lat'>180]</span> <span class='ocrx_word' id='word_1_259' title='bbox 321 3382 383 3446; x_wconf 88' lang='lat' dir='ltr'><strong>mis</strong></span> <span class='ocrx_word' id='word_1_260' title='bbox 406 3384 517 3448; x_wconf 88' lang='lat' dir='ltr'><strong>velint.</strong></span> <span class='ocrx_word' id='word_1_261' title='bbox 554 3383 677 3447; x_wconf 89' lang='lat' dir='ltr'><strong>Verum</strong></span> <span class='ocrx_word' id='word_1_262' title='bbox 694 3383 780 3448; x_wconf 89' lang='lat' dir='ltr'><strong>hune</strong></span> <span class='ocrx_word' id='word_1_263' title='bbox 799 3381 969 3472; x_wconf 72' lang='lat' dir='ltr'><strong>opltimum</strong></span> <span class='ocrx_word' id='word_1_264' title='bbox 988 3390 1110 3451; x_wconf 84' lang='lat' dir='ltr'><strong>statum</strong></span> <span class='ocrx_word' id='word_1_265' title='bbox 1129 3409 1204 3473; x_wconf 80' lang='lat' dir='ltr'><strong>prc-</strong></span> 
     </span>
     <span class='ocr_line' id='line_1_35' title="bbox 189 3469 1204 3560; baseline 0.007 -27"><span class='ocrx_word' id='word_1_266' title='bbox 189 3469 239 3534; x_wconf 84' lang='lat' dir='ltr'><strong>vis</strong></span> <span class='ocrx_word' id='word_1_267' title='bbox 271 3469 440 3535; x_wconf 90' lang='lat' dir='ltr'><strong>hominum</strong></span> <span class='ocrx_word' id='word_1_268' title='bbox 473 3471 679 3555; x_wconf 89' lang='lat' dir='ltr'><strong>opinionibus</strong></span> <span class='ocrx_word' id='word_1_269' title='bbox 712 3493 860 3536; x_wconf 86' lang='lat' dir='ltr'><strong>eversum</strong></span> <span class='ocrx_word' id='word_1_270' title='bbox 891 3495 961 3538; x_wconf 88' lang='lat' dir='ltr'><strong>esse</strong></span> <span class='ocrx_word' id='word_1_271' title='bbox 989 3474 1113 3560; x_wconf 86' lang='lat' dir='ltr'><strong>dicunt,</strong></span> <span class='ocrx_word' id='word_1_272' title='bbox 1144 3475 1204 3560; x_wconf 91' lang='lat' dir='ltr'><strong>qui</strong></span> 
     </span>
    </p>
   </div>
   <div class='ocr_carea' id='block_1_8' title="bbox 0 0 1305 3882">
    <p class='ocr_par' dir='ltr' id='par_1_9' title="bbox 0 0 1305 3882">
     <span class='ocr_line' id='line_1_36' title="bbox 0 0 1305 3882; baseline 0 0"><span class='ocrx_word' id='word_1_273' title='bbox 0 0 1305 3882; x_wconf 95' lang='lat' dir='ltr'><strong> </strong></span> 
     </span>
    </p>
   </div>
  </div>
 </body>
</html>
