2610 3894
241 132 243 135 ’
331 157 399 228 111.
418 159 453 215 1.
479 157 555 214 OAP.
574 164 688 213 14-41.
708 163 723 224 a
743 163 891 213 114—120.
1075 155 1118 219 89

104 306 136 368 11
173 324 248 368 cum
285 301 369 368 atris
406 303 611 368 extremitate
646 301 862 388 coniungitur.
915 299 956 365 In
987 298 1173 372 1111111146

104 394 216 456 autem
235 394 325 456 astra
343 391 528 475 volvuntur,
547 412 684 477 quaese
702 395 737 454 et
754 391 829 454 nisu
847 411 905 454 suo
920 388 1119 474 conglobata

105 479 274 544 continent
304 482 337 543 et
365 479 473 544 forma
495 479 568 565 ipsa
588 480 758 564 figuraque
782 501 841 543 sua
863 480 1029 542 momenta
1051 497 1120 539 sus·

105 571 253 652 1111111)
280 569 357 631 sunt
386 567 472 632 enim
494 568 648 651 rotunda,
677 567 793 651 quibus
821 565 951 648 formis,
969 568 1016 648 11
1044 565 1119 628 1111

82 655 227 720 edixisse
257 654 386 740 videor,
417 655 550 720 minime
579 655 689 721 noceri
720 657 839 740 potest.
886 651 969 718 Sunt
996 655 1106 717 autem
1122 664 1174 714 111

107 744 222 809 1111111
240 748 360 808 natura
377 743 559 828 flammeae3
582 743 732 827 quocirca
750 747 866 827 terrae,
889 741 998 823 maris,
1022 761 1119 824 aqua·

18 893 19 896 ,
106 855 180 896 rum
207 832 384 916 vaporibus
409 831 541 896 aluntur
562 832 617 915 iis,
646 832 701 915 qui
724 853 744 895 a
766 831 836 896 sole
859 852 898 894 ex
921 829 1010 915 agris
1033 831 1120 912 tepe

18 929 19 996 j
105 920 203 985 factis
228 924 261 984 et
284 941 323 984 ex
346 920 439 1003 aquis
463 920 657 1003 excitantur,
681 919 798 1003 quihus
823 919 910 983 altae
932 920 1120 982 renovatae-

18 1013 19 1088 ]
107 1029 169 1094 que
203 1008 318 1072 stellae
347 1011 444 1091 atque
473 1008 578 1072 omnis
606 1008 719 1072 aether
745 1006 920 1072 refundunt
948 1005 1059 1070 eadem
1087 1007 1122 1067 et

18 1113 20 1162 ἱ
74 1117 95 1158 u
107 1119 238 1161 rursum
269 1097 407 1160 trahunt
437 1095 593 1179 indidem,
624 1095 707 1160 nihil
734 1099 772 1160 11
800 1095 868 1159 fere
896 1095 1037 1159 intereat
1064 1095 1122 1156 aut

18 1213 20 1272 ᾗ
107 1185 283 1250 admodum
305 1184 488 1269 paululum,
515 1183 602 1268 quod
625 1187 789 1248 astrorum
811 1183 897 1269 ignis
922 1185 954 1246 11
978 1180 1121 1246 aetheris

18 1281 19 1352 g
106 1274 242 1338 flamma
269 1273 439 1338 consumit.
484 1271 627 1356 Exque
656 1275 847 1337 eventurum
873 1270 980 1335 nostri
1002 1272 1123 1354 putant

18 1361 19 1440 l
107 1361 154 1446 id,
177 1361 218 1425 de
241 1383 304 1446 quo
327 1360 520 1425 Panaetium
544 1360 735 1425 addubitare
758 1359 922 1443 dicebant,
945 1361 982 1422 ut
1006 1357 1047 1422 ad
1070 1378 1121 1420 ex*

18 1451 19 1526 Ῑ
107 1453 251 1515 tremum
283 1449 388 1515 omnis
417 1449 556 1513 mundus
582 1449 777 1534 ignosceret,
808 1469 881 1512 cum
908 1467 1021 1511 umore
1048 1466 1121 1510 con-

18 1539 19 1616 Ῡ
73 1541 242 1623 resumpto
265 1559 369 1623 neque
387 1541 476 1602 terra
494 1537 539 1602 ali
557 1540 670 1621 posset
687 1557 747 1600 nec
764 1539 925 1600 remearet
944 1540 1007 1617 111,
1030 1532 1121 1598 cuius

109 1631 202 1692 ortus
226 1647 311 1709 aqua
332 1625 423 1690 omni
446 1623 605 1689 exhausta
627 1646 787 1689 essenon
809 1627 934 1708 posset3
956 1622 1005 1686 ita
1026 1621 1121 1685 relin-

109 1715 165 1798 qui
191 1713 275 1778 nihil
302 1717 432 1799 praeter
458 1713 581 1798 ignem,
612 1735 632 1777 a
655 1733 718 1798 quo
742 1733 872 1776 rursum
895 1711 1061 1776 animante
1084 1729 1122 1773 ac

109 1804 169 1868 deo
200 1802 368 1867 renovatio
399 1801 511 1865 mundi
540 1801 634 1865 fieret
661 1804 759 1884 atque
785 1799 872 1864 idem
895 1801 1029 1865 ornatus
1054 1819 1122 1862 cre-

109 1894 209 1956 retur.
245 1888 332 1955 Nolo
354 1890 390 1954 in
412 1891 582 1954 stellarum
600 1889 728 1954 ratione
747 1888 869 1953 multus
888 1887 981 1953 vobis
1000 1885 1112 1968 videri,
1124 1901 1178 1949 119

74 1997 98 2038 10
111 1977 314 2062 maximeque
338 2000 457 2062 earum,
481 1999 563 2062 quae
585 1999 691 2042 errare
711 1977 872 2060 dicuntur,
898 1997 1035 2060 quarum
1053 1977 1124 2038 tan-

112 2177 240 2220 summa
263 2152 395 2219 Saturni
417 2153 598 2240 refrigeret,
621 2154 727 2218 media
748 2151 865 2217 Martis
888 2151 1049 2234 incendat,
1071 2149 1124 2214 his

110 2243 282 2308 interiecta
300 2243 388 2308 lovis
411 2242 566 2308 inlustret
589 2245 622 2306 et
640 2245 800 2326 temperet
816 2239 966 2323 infraque
983 2237 1125 2302 Martem

112 2332 194 2396 duae
222 2327 292 2395 Soli
322 2330 510 2415 oboediant,
538 2330 608 2415 ipse
637 2327 693 2394 Sol
723 2328 878 2393 mundum
909 2349 1037 2392 omnem
1065 2348 1125 2391 sua

74 2436 98 2477 2⁵
111 2421 183 2484 luce
207 2419 369 2504 compleat
392 2419 433 2483 ab
457 2440 558 2503 eoque
576 2417 670 2482 Luna
691 2417 887 2482 inluminata
910 2414 1124 2502 graviditates

112 2511 146 2572 et
173 2511 288 2591 partus
312 2506 438 2571 adferat
460 2506 731 2590 maturitatesque
754 2504 917 2592 gignendi.
963 2501 1051 2578 Quae
1074 2522 1125 2566 co·

112 2595 239 2680 pulatio
267 2616 376 2660 rerum
403 2598 437 2659 et
462 2595 555 2678 quasi
578 2593 783 2660 consentiens
806 2593 847 2658 ad
870 2591 982 2656 mundi
1004 2589 1125 2654 incolu-

112 2683 262 2748 mitatem
286 2683 526 2768 coagmentatio
544 2686 681 2747 naturae
700 2704 796 2766 quem
814 2703 880 2745 101
898 2681 1018 2762 movet,
1038 2676 1125 2741 hunc

111 2771 230 2837 horum
251 2771 335 2836 nihil
358 2794 512 2856 umquam
534 2770 736 2857 reputavisse
759 2773 848 2836 certo
872 2768 947 2833 scio.

77 2875 102 2915 ³0
181 2858 263 2944 Age,
282 2863 321 2924 ut
339 2881 359 2924 a
372 2859 567 2925 caelestibus
582 2859 678 2924 rebus
694 2858 735 2923 ad
748 2860 920 2922 terrestres
934 2854 1112 2937 veniamus,
1129 2825 1180 2952 ἐξ

114 2946 193 3033 quid
215 2950 266 3032 est
288 2947 323 3012 in
340 2947 401 3031 his,
424 2948 459 3012 11
478 2968 542 3033 quo
560 2969 627 3012 non
643 2950 781 3012 naturae
799 2945 884 3010 ratio
903 2943 1125 3028 intellegentis

115 3036 294 3121 appareat?
338 3035 503 3120 Principio
527 3057 652 3120 eorum,
681 3056 763 3119 quae
787 3034 966 3120 gignuntur
988 3053 1006 3096 e
1029 3035 1127 3115 terra,

115 3123 235 3208 stirpes
263 3127 297 3188 11
320 3125 537 3189 stabilitatem
560 3124 640 3188 dant
662 3123 716 3206 iis,
745 3144 827 3207 quae
850 3120 1025 3202 sustinent,
1053 3122 1086 3183 et
1109 3141 1128 3183 e

113 3216 204 3277 terra
228 3233 340 3277 sucum
363 3212 513 3297 trahunt,
541 3233 605 3297 quo
629 3211 760 3276 alantur
783 3233 834 3294 ea,
860 3230 942 3294 quae
964 3207 1128 3273 radicibus

77 3300 336 3385 110111111111,
369 3300 636 3384 obducunturque
667 3299 753 3364 libro
781 3302 838 3363 aut
865 3298 985 3363 cortice
1011 3295 1128 3379 trunci,

114 3409 178 3473 quo
203 3388 271 3452 sint
295 3410 315 3453 a
336 3387 516 3473 frigoribus
540 3392 574 3453 11
597 3387 759 3453 caloribus
778 3385 926 3451 tutiores.
962 3385 1032 3450 Iam
1051 3405 1128 3448 vero

112 3476 197 3540 vites
226 3475 273 3541 sic
295 3475 463 3542 claviculis
488 3475 687 3541 adminicula
708 3479 879 3560 tamquam
902 3473 1052 3538 manibus
1075 3471 1128 3536 ad·
