2526 3880
204 123 247 188 76
513 123 562 178 DE
580 121 735 179 NATURA
752 122 908 179 DEORUM

202 267 427 334 vicissitudine
445 289 557 335 eorum
575 268 688 333 mundi
705 267 898 333 continuata
909 271 1030 333 natura
1044 271 1103 333 est.
1133 266 1222 334 Nam
1254 308 1255 342 r

203 360 346 424 exterra
359 379 452 442 aqua,
472 379 511 422 ex
525 379 610 442 aqua
624 357 729 422 oritur
743 362 807 439 adr,
826 378 864 421 ex
878 361 953 422 adro
967 357 1090 441 aether,
1103 356 1223 421 deinde

202 449 384 511 retrorsum
405 445 550 511 vicissim
573 467 612 510 ex
630 445 762 512 aethere
781 450 846 529 adr,
868 444 943 508 inde
963 467 1058 530 aqua,
1077 466 1117 509 ex
1137 467 1224 528 aqua

82 609 86 622 ἱ
203 537 294 599 terra
320 533 442 599 infima.
489 531 542 599 Sic
562 533 691 598 naturis
713 532 779 616 his,
808 532 988 617 exquibus
1012 533 1125 598 omnia
1151 554 1225 598 con·

204 626 304 706 stant,
327 642 439 687 sursus
458 621 602 706 deorsus,
619 621 708 687 ultro
727 621 809 686 citro
829 621 1089 686 commeantibus
1108 621 1224 686 mundi
1246 639 1255 676 ε

169 711 348 794 spartium
376 709 561 776 coniunctio
588 709 782 775 continetur.
827 706 917 785 Quae
940 713 999 775 aut
1020 709 1224 794 sempiterna
1255 715 1256 742 ¹

205 799 250 864 sit
270 819 402 863 necesse
425 801 477 863 est
497 797 562 864 hoc
584 798 697 863 eodem
716 800 844 882 ornatu,
867 818 964 882 quem
980 797 1143 882 videmus,
1168 801 1224 862 aut

204 891 291 954 certe
309 886 530 971 perdiutuma,
547 906 743 971 permanens
757 885 798 950 ad
816 885 1033 971 longinquum
1051 885 1225 951 etinmen·

205 997 278 1040 sum
304 995 408 1059 paene
435 978 575 1059 tempus.
620 973 764 1050 Quorum
791 974 954 1039 utrumvis
976 977 1015 1038 ut
1038 974 1093 1058 sit,
1117 974 1224 1058 sequi·

204 1067 260 1128 tur
287 1065 407 1128 natura
435 1063 592 1128 mundum
622 1062 853 1127 administrari.
903 1060 992 1138 Quae
1020 1063 1109 1127 enim
1142 1062 1257 1140 clas-1o

206 1151 291 1216 sium
307 1151 477 1236 navigatio
494 1154 551 1216 aut
565 1172 648 1236 quae
662 1150 835 1215 instructio
850 1150 1011 1216 exercitus
1027 1154 1092 1235 aut,
1106 1172 1222 1216 rursus
1256 1171 1257 1180 ¹

205 1242 242 1305 ut
261 1262 308 1325 ea,
331 1261 414 1324 quae
431 1243 552 1305 natura
569 1238 678 1323 efficit,
701 1238 915 1322 conferamus,
939 1260 1021 1324 quae
1035 1239 1222 1324 procreatio

204 1328 282 1394 vitis
305 1331 363 1393 aut
386 1328 523 1412 arboris,
546 1349 629 1412 quae
651 1348 750 1413 porro
774 1326 951 1392 animantis
968 1326 1078 1413 figura
1096 1327 1224 1392 confor-

205 1417 371 1502 matioque
388 1416 609 1482 membrorum
627 1419 755 1481 tantam
769 1418 907 1480 naturae
922 1415 1106 1480 sollertiam
1122 1416 1223 1503 signi·

204 1506 296 1589 fioat,
329 1507 485 1590 quantam
517 1503 588 1589 ipse
619 1503 780 1569 mundus?
825 1502 894 1568 Aut
922 1502 1026 1589 igitur
1052 1503 1140 1568 nihil
1166 1507 1223 1586 est,
1236 1519 1258 1588 1⁵}

206 1593 293 1678 quod
315 1593 475 1658 sentiente
497 1596 616 1658 natura
637 1596 781 1679 regatur,
803 1594 861 1656 aut
883 1591 1039 1656 mundum
1057 1593 1132 1678 regi
1152 1614 1224 1658 con·

152 1693 186 1742 80
205 1681 363 1747 fitendum
395 1684 454 1746 est.
498 1680 645 1764 Etenim,
678 1680 735 1766 qui
765 1678 908 1764 reliquas
940 1683 1077 1746 naturas
1109 1702 1223 1746 omnes

206 1791 380 1855 earumque
408 1769 533 1834 semina
562 1769 742 1851 contineat,
770 1767 826 1853 qui
849 1772 961 1853 potest
982 1768 1054 1855 ipse
1076 1789 1148 1834 non
1170 1791 1223 1834 na-

204 1862 281 1924 tura
310 1857 554 1924 administrari?
582 1860 634 1942 ut,
665 1856 694 1922 si
723 1856 779 1941 qui
808 1856 921 1921 dentes
951 1859 986 1922 et
1013 1857 1223 1943 pubertatem

204 1950 325 2013 natura
347 1946 434 2012 dicat
457 1945 608 2030 existere,
634 1946 744 2030 ipsum
767 1947 876 2010 autem
898 1943 1080 2030 hominem,
1109 1947 1164 2011 cui
1187 1938 1259 2010 aaut

206 2036 358 2118 existant,
379 2056 447 2100 non
469 2038 619 2100 constare
640 2037 768 2116 natura,
790 2054 858 2098 non
874 2032 1049 2118 intellegat
1067 2055 1116 2117 ea,
1141 2055 1223 2118 quae
1258 2053 1259 2058 ¹

206 2122 351 2189 ecferant
378 2121 502 2208 aliquid
530 2145 569 2188 ex
596 2143 681 2206 sese,
707 2120 918 2207 perfectiores
939 2121 1061 2187 habere
1084 2125 1223 2188 naturas

208 2233 307 2297 quam
330 2233 378 2295 ea,
400 2232 483 2296 quae
506 2231 546 2275 ex
568 2210 610 2275 iis
633 2209 825 2276 ecferantur.

153 2298 197 2364 34
274 2297 427 2365 Omnium
446 2303 556 2364 autem
574 2321 693 2384 rerum,
711 2320 793 2384 quae
806 2302 926 2363 natura
940 2297 1223 2383 administrantur,

206 2387 386 2454 seminator
419 2391 453 2453 et
486 2390 577 2454 sator
608 2391 642 2452 et
667 2408 798 2472 parens,
829 2390 867 2451 ut
893 2386 942 2451 ita
970 2387 1090 2472 dicam,
1124 2391 1254 2474 aeques

207 2477 361 2544 educator
383 2479 417 2542 et
440 2476 526 2542 altor
549 2479 600 2541 est
622 2475 760 2540 mundus
779 2475 951 2559 omniaque
971 2475 1056 2541 sicut
1074 2477 1224 2541 membra

206 2568 240 2632 et
266 2568 378 2652 partes
404 2587 479 2631 suas
502 2565 686 2645 nutricatur
709 2567 743 2628 et
765 2562 918 2628 continet.
964 2561 1088 2639 Quodsi
1110 2565 1224 2630 mundi

206 2657 318 2740 partes
349 2657 469 2719 natura
501 2652 784 2736 administrantur,
819 2672 950 2717 necesse
982 2655 1034 2717 est
1065 2653 1224 2718 mundum

206 2743 314 2828 ipsum
333 2746 453 2807 natura
471 2741 702 2825 administrari,
726 2739 815 2806 ouius
834 2739 963 2824 quidem
979 2740 1223 2807 administratio

205 2831 289 2896 nihil
311 2830 413 2896 hahet
435 2831 471 2894 in
493 2851 537 2913 se,
561 2829 647 2915 quod
664 2828 858 2914 reprehendi
874 2827 994 2914 possit3
1018 2851 1057 2894 ex
1075 2829 1116 2895 iis
1137 2831 1223 2896 enim
1236 2844 1255 2884 ³⁰

206 2919 344 3003 naturis,
368 2940 451 3004 quae
474 2921 576 3002 erant,
600 2917 687 3003 quod
705 2916 790 2982 effici
809 2917 970 3002 optimum
988 2917 1107 3003 potuit,
1130 2919 1224 2985 effec-

173 3011 278 3073 rtum
306 3010 365 3072 est.
409 3005 535 3072 Doceat
562 3027 641 3091 ergo
669 3005 787 3090 aliquis
814 3005 960 3090 potuisse
988 3005 1115 3072 melius.
1162 3004 1225 3073 Sed

206 3117 302 3160 nemo
335 3117 490 3180 umquam
518 3094 660 3176 docebit,
690 3096 723 3158 et
751 3093 779 3158 si
807 3093 880 3179 quis
908 3094 1072 3180 corrigere
1100 3095 1224 3181 aliquid

206 3184 309 3268 volet,
340 3187 397 3248 aut
425 3182 565 3247 deterius
592 3181 693 3246 faciet
720 3185 777 3247 aut
799 3181 846 3267 id,
876 3181 963 3267 quod
984 3183 1057 3247 fieri
1078 3205 1148 3250 non
1168 3206 1224 3270 po·

206 3273 321 3354 tuerit,
351 3270 557 3337 desiderabit
603 3268 725 3345 Quodsi
755 3291 866 3335 omnes
896 3270 1009 3335 mundi
1035 3275 1150 3356 partes
1177 3273 1255 3338 irae

207 3361 406 3426 constitutae
426 3363 511 3444 sunt,
533 3361 571 3423 ut
590 3379 694 3442 neque
713 3357 755 3423 ad
772 3379 868 3423 usum
885 3357 1037 3424 meliores
1055 3361 1226 3445 potuerint

207 3470 278 3514 esse
300 3470 405 3534 neque
429 3447 471 3512 ad
494 3445 634 3531 speciem
656 3445 872 3532 pulchriores,
901 3446 1085 3534 videamus,
1114 3453 1226 3515 utrum
