2610 3894
9 77 11 160 ι
377 124 839 192 ιιιΜιοΑΡιιιι-ιι.
1051 127 1115 192 149

9 185 11 298 l
101 269 188 354 dam,
212 290 295 354 quae
318 273 389 333 tum
413 269 594 334 observatis
617 271 718 356 longo
740 274 888 356 tempore
907 271 1080 357 significat
1070 294 1115 337 rc

99 359 214 442 nibuS,
243 361 314 423 tum
345 357 493 441 aliquo'
483 379 534 422 ms
535 359 642 424 tinctu
667 358 844 443 inflatuque
873 358 981 425 divino
1003 359 1115 424 futura

100 447 321 531 praenuntiat.
358 444 465 521 Quare
488 446 569 510 omit
571 449 622 510 tat
643 468 781 547 urguere
805 444 1000 533 Carneades,
1028 448 1115 533 quod
1134 449 1153 513 7

100 533 246 600 faciebat
273 534 374 599 etiam
395 532 571 598 Panaetius
597 535 780 619 requirens,
801 533 990 636 Iuppiterne
1013 535 1116 602 corni·

75 640 174 687 ocem
197 645 218 687 a
239 623 342 706 laeva,
365 643 499 687 corvum
521 622 562 686 ab
582 622 714 687 dextera
732 645 845 688 canere
862 623 1020 689 iussisset.
1053 623 1116 689 Ob·

102 714 236 775 servata
250 714 326 775 sunt
311 710 420 775 thaec
434 709 603 794 tempore
593 732 740 776 inmenso
755 711 825 792 et[
803 713 849 792 [m
864 711 1114 797 significatione]

102 802 200 864 event
201 799 229 863 is
185 798 480 863 tanimadversa
498 801 532 862 et
549 802 628 863 nota
609 801 673 864 ata.
629 796 802 863 tNihil
822 802 873 864 est
891 803 1009 884 autem,
1030 800 1116 885 quod

101 908 170 952 non
196 887 421 973 longinquitas
448 890 634 970 temporum
662 887 841 972 excipiente
863 887 1022 955 memoria
1043 909 1117 990 pro·

102 975 280 1059 dandisque
310 975 529 1039 monumentis
560 974 686 1040 efficere
714 978 811 1059 atque
840 974 973 1060 adsequi
1002 975 1116 1062 possit.

65 1082 89 1120 ιο
102 1062 220 1128 Μιιιιι
242 1063 332 1148 licet,
360 1085 443 1147 qnae
466 1063 533 1127 sint
555 1062 781 1128 animadversa
803 1085 824 1128 a
845 1064 979 1129 medicis
1002 1065 1169 1130 herba-13

9 1223 10 1230 χ
102 1174 178 1216 rum
201 1172 335 1238 genera,
365 1172 448 1235 quae
471 1150 617 1216 radicum
640 1151 681 1216 ad
704 1173 832 1217 morsus
854 1152 1047 1239 bestiarum,
1075 1153 1117 1218 ad

9 1241 10 1310 ι
104 1239 273 1305 oculorum
296 1239 438 1323 morbos,
461 1237 503 1304 ad
525 1239 668 1324 vulnera,
692 1260 829 1324 quorum
852 1240 919 1304 vim
943 1245 1041 1326 atque
1061 1265 1117 1306 na-

103 1332 215 1393 turam
241 1328 327 1392 ratio
349 1348 528 1411 numquam
551 1327 739 1412 explicavit,
766 1331 803 1392 ut
788 1327 911 1393 tilitate
934 1333 968 1394 et
990 1351 1043 1396 ars
1067 1335 1118 1394 est

104 1417 180 1480 et'
171 1419 283 1481 invent
284 1436 322 1481 or
348 1415 515 1501 probatus.
565 1419 638 1502 Age
666 1438 716 1500 ea,
745 1437 827 1517 quae
855 1439 1051 1501 quamquam
1079 1440 1118 1483 ex

9 1493 10 1570 i
65 1523 89 1562 1⁵
104 1504 172 1570 alio
205 1525 322 1590 genere
354 1506 490 1588 sunt,t
475 1507 586 1569 tamen
620 1504 754 1568 divinat
730 1504 813 1606 troni
845 1508 921 1569 sunt
949 1505 1118 1592 similiora,

104 1593 288 1659 videamus.

173 1715 304 1801 Atque
327 1715 445 1780 etiarn
463 1718 601 1781 ventos
620 1720 913 1800 praemonstrat
930 1739 1044 1804 saepe
1061 1717 1119 1784 fu·

173 1890 365 1957 Inflatum
392 1913 509 1975 mare,
538 1879 620 1957 cum
648 1892 780 1957 subito
803 1809 1037 1978 penicdldlse
1060 1899 1120 1961 tu·

175 2066 349 2151 Saxaque
372 2089 468 2133 cana
491 2068 614 2132 salis
611 2068 723 2132 niveo
747 1983 1100 2155 spumalnaelilqliore

174 2154 401 2221 Tristificas
430 2159 585 2220 certant
606 2155 787 2241 Neptuno
811 2157 969 2223 reddere
993 2180 1119 2244 voces,

175 2244 254 2309 Aut
294 2244 433 2308 densus
471 2243 620 2309 stridor
655 2266 738 2309 cum
774 2246 880 2311 celso
918 2267 935 2310 e
971 2211 1119 2312 vertied

175 2419 292 2486 Ortus
306 2335 1119 2508 adaugescitscopulorumsaepllllddidlsus.

107 2545 218 2629 Atque
241 2545 293 2608 his
316 2565 425 2609 rerum
448 2545 731 2646 praesensionibus
754 2544 970 2631 Prognostica
992 2547 1051 2609 tua
1072 2566 1119 2610 re·
1138 2547 1158 2612 8

106 2633 194 2698 ferta
222 2637 306 2697 sunt.
352 2630 431 2707 Quis
453 2631 556 2718 igitur
579 2633 694 2698 elicere
717 2654 830 2698 causas
853 2633 1119 2718 praesensionum

67 2741 94 2781 ιι
107 2721 239 2824 potest?
277 2721 340 2786 etsi
371 2719 464 2785 video
492 2718 657 2786 Bocchum
685 2719 830 2786 Stoicum
862 2741 932 2785 esse
959 2724 1120 2806 conatum,

18 2806 22 2816 '
109 2811 165 2895 qui
192 2809 348 2874 hactenus
376 2809 501 2893 aliquid
524 2809 605 2895 egit,
632 2812 670 2873 ut
693 2831 804 2874 earum
826 2809 988 2875 rationem
1010 2830 1119 2874 rerum

109 2897 300 2984 explicaret,
333 2919 425 2999 quae·
445 2897 480 2962 in
510 2898 594 2962 mari
623 2898 753 2963 caelove
781 2897 905 2962 fierent.
950 2895 1015 2962 Illa
1042 2919 1118 2962 vero
1139 2910 1173 2960 14

109 3009 166 3052 eur
189 2987 348 3070 eveniant,
372 2986 444 3069 quis
468 2985 648 3070 probabilit
650 3007 684 3050 er
633 2984 845 3051 tdixerit‘?

175 3087 280 3156 (lana
301 3089 403 3154 fulix
424 3089 562 3154 itidem
583 3089 740 3176 fugiens
763 3113 781 3156 e
804 3091 961 3176 gurgite
982 3077 1094 3177 ponti

67 3199 96 3239 ao
175 3177 344 3243 Nuntiat
384 3176 591 3243 horribilis
632 3180 804 3244 olamans
844 3179 995 3245 instare
1034 3203 1121 3267 pro·

176 3353 287 3420 Haud
321 3352 492 3418 modicos
522 3355 689 3420 tremulo
719 3355 882 3435 fundens
909 3268 1120 3443 lelglddture

886 3448 1031 3510 cantus.
