2596 3882
96 207 99 212 Ι
187 137 254 201 290
548 136 597 190 nn
616 135 664 188 im
682 131 839 190 eceman
958 123 960 127 ’

261 279 353 345 Urbis
379 281 551 345 caedendae
577 280 726 362 emptaem
752 284 843 361 atque
868 297 995 344 missam
1016 299 1080 343 mou
1101 298 1202 342 seuam

187 367 366 446 testatorum,
388 370 441 434 sed
462 369 521 433 atii
542 387 591 432 eos
612 367 756 446 homines,
779 369 834 450 qai
854 369 920 432 siat
935 387 973 432 ea
987 373 1073 432 terra
1086 369 1200 448 primi-

188 461 238 521 tas
264 458 347 535 mati,
377 477 447 520 cam
470 477 529 538 per
555 457 651 520 situas
677 461 707 520 et
730 475 853 538 campos
875 457 1040 520 erraticam
1062 457 1203 538 deperent

186 547 284 610 citam
309 565 364 609 me
390 545 454 609 utto
484 546 565 608 ieter
591 564 623 610 se
648 546 797 608 sermonis
824 549 881 608 aat
905 545 986 608 iaris
1007 545 1129 608 macuto
1152 563 1200 608 eo

187 631 353 711 haererent,
374 634 428 698 scd
447 632 573 713 frondes
595 637 625 697 et
644 632 769 696 tombam
781 651 842 714 pro
860 632 1017 709 cubilitus,
1039 633 1202 714 speluncae
1228 648 1240 690 s

187 726 217 786 et
238 727 333 786 antra
348 741 410 803 pro
432 721 572 786 domibus
593 720 744 798 taberent,
767 721 868 786 bestiis
889 726 919 785 et
933 721 1114 800 fortioribus
1131 722 1201 784 ani-

188 809 322 874 malibus
339 811 475 890 praedoe
494 809 591 889 tai'sse
612 813 856 874 commemorant.
894 809 1050 887 Tomeos,
1071 808 1127 892 qai
1144 815 1203 872 aut

189 898 303 962 tamioti
324 897 497 979 effaperaat
516 902 575 962 aut
596 897 715 961 tamiari
731 899 893 978 proximos
913 898 1066 974 videraut,
1096 898 1201 962 admo

187 986 269 1050 mites
284 986 418 1066 periculi
434 986 486 1050 sai
503 987 547 1050 ad
563 986 642 1050 aiios
659 985 796 1050 homiues
812 985 988 1069 decurrisse,
1003 987 1202 1067 praesidium

188 1074 368 1154 implorasse
384 1079 414 1138 et
427 1075 530 1155 primo
548 1073 674 1138 autibus
690 1074 878 1138 volumtatem
893 1093 985 1138 seeom
1001 1075 1198 1156 sipiificosse
1214 1091 1240 1130 ιο

188 1163 295 1228 mede
326 1163 476 1227 samonis
506 1162 601 1226 iaitia
628 1167 786 1244 temptasse
813 1181 850 1226 ac
875 1163 1008 1244 sicopolis
1034 1161 1202 1244 petimusque

186 1250 279 1316 reas
308 1250 439 1314 aomina
465 1250 667 1333 imprimendo
687 1250 848 1332 paulatim
874 1249 1016 1332 topumdi
1035 1251 1201 1333 perfecisse

188 1339 348 1403 raticmem.
389 1337 465 1404 am
491 1343 595 1403 autem
616 1359 670 1404 mc
691 1339 919 1403 multitudinem
941 1341 1043 1420 msam
1064 1340 1203 1404 videraut

189 1431 296 1492 cantra
318 1426 430 1492 bestias
451 1446 514 1492 esse
535 1432 647 1506 tutam,
669 1428 783 1509 oppida
803 1429 897 1492 ctiam
919 1427 1047 1508 coepisse
1067 1428 1200 1506 munire,

188 1515 235 1580 oet
255 1520 293 1580 at
312 1517 440 1596 quietem
461 1516 558 1580 mactis
579 1520 678 1579 tutam
699 1515 759 1580 sibi
778 1515 915 1596 facerent
934 1515 1242 1581 oetatimcarsio-15

189 1623 243 1668 aes
264 1608 355 1684 atque
375 1605 506 1685 impetus
528 1604 693 1668 bestiarum
713 1621 777 1668 aaa
792 1605 977 1685 mcpmaaoto,
1004 1605 1058 1669 sed
1078 1605 1201 1669 obiectis

190 1692 350 1774 apperitus
376 1696 527 1756 arcermt.
542 1741 549 1756 .
564 1741 593 1756 ..
636 1691 725 1757 Haeo
746 1693 819 1756 otiis
841 1693 941 1756 delira
961 1693 1030 1757 cisa
1050 1697 1138 1776 sumt,
1164 1699 1202 1757 ut

188 1780 325 1861 fuerumt,
346 1781 547 1861 amaricatam
563 1800 626 1844 aaa
641 1781 782 1860 ferarum
805 1779 943 1846 tamiatms
960 1799 1086 1846 oausam
1102 1782 1201 1861 fuisse

189 1869 329 1946 co'e'aedi,
355 1869 409 1933 sed
428 1870 531 1949 ipsam
547 1869 653 1950 potius
675 1867 913 1944 damnitatem
940 1870 1044 1950 itaque
1064 1870 1147 1933 inter
1167 1889 1201 1934 se
1287 1937 1288 1942 ,

189 1961 392 2039 comprcpatos,
413 1958 495 2037 qaod
515 1961 632 2020 matura
652 1955 813 2020 homimem
834 1957 1011 2022 solitudinis
1030 1957 1154 2039 sapiens
1172 1963 1202 2022 et
1213 1976 1241 2014 2⁰

189 2045 412 2108 commemiomis
434 2065 471 2108 ac
492 2044 643 2114 societatis
664 2045 807 2126 adpetens
828 2050 910 2110 esset.
931 2043 1131 2128 (Lactantius
1149 2047 1200 2111 ia-

189 2135 251 2198 stit.
272 2135 332 2197 die.
362 2131 413 2198 VI
430 2139 480 2196 10.
503 2134 666 2212 13—18c]

137 2222 350 2374 4133,me
377 2220 1200 2394 istut?uassttftututttdutu

190 2397 328 2462 stitutio.
364 2395 409 2460 Hi
432 2400 542 2462 coetus
565 2396 668 2482 igitur
690 2397 760 2480 hec,
783 2397 822 2462 de
844 2417 910 2482 que
932 2398 1075 2482 exposui,
1101 2419 1200 2463 censs
1214 2415 1240 2456 rs

189 2485 334 2550 instituti
356 2485 465 2550 sedem
487 2485 629 2569 primum
648 2489 736 2550 certo
755 2486 827 2550 loco
846 2486 1083 2551 domiciliorum
1101 2507 1201 2551 cause

190 2574 441 2657 constituerunt3
469 2595 567 2658 quem
594 2595 667 2637 cum
694 2573 774 2638 locis
801 2595 963 2658 manuque
990 2575 1200 2658 saepsissent,

190 2663 259 2728 eius
279 2661 368 2727 modi
385 2661 645 2726 coniunctionem
663 2664 823 2726 tectorum
842 2659 996 2746 oppidum
1014 2663 1067 2726 vel
1085 2663 1201 2728 urbem

191 2751 438 2835 appellaverunt
465 2749 608 2814 delubris
636 2749 824 2814 distinctam
851 2751 1030 2835 spatiisque
1057 2773 1200 2816 commu·

190 2841 294 2903 nibus.
332 2837 445 2902 Omnis
469 2858 546 2924 ergo
570 2837 719 2922 populus,
743 2838 799 2922 qui
822 2842 872 2914 est
889 2838 967 2903 telis
986 2843 1098 2904 coetus
1117 2841 1199 2904 mul·
1213 2856 1239 2897 ω

189 2956 217 3006 p.
232 2929 297 3007 212]
317 2925 476 3010 titudinis,
500 2925 630 3010 qualem
650 2923 654 3008 Ι
675 2926 817 3010 exposui,
841 2927 946 2991 omnis
969 2927 1093 3011 civitem,
1117 2950 1199 3012 quae

191 3018 241 3079 est
259 3015 449 3080 constitutio
467 3013 590 3099 populi,
611 3013 715 3078 omnis
734 3015 944 3099 respublica,
964 3037 1054 3100 quae,
1072 3018 1110 3080 ut
1124 3016 1200 3100 dixi,

190 3102 303 3187 populi
330 3124 382 3167 res
408 3106 471 3186 est,
499 3101 634 3167 consilio
659 3102 798 3186 quodum
821 3104 963 3188 regende
986 3107 1049 3188 est,
1071 3106 1109 3168 ut
1132 3104 1200 3168 diu·
1287 3117 1288 3120 ’

190 3194 288 3254 turne
306 3190 359 3254 sit.
389 3189 428 3255 Id
447 3194 557 3256 eutem
574 3191 746 3255 eonsilium
762 3190 905 3276 primum
922 3213 1051 3276 semper
1069 3191 1110 3256 ed
1126 3214 1198 3258 eam

191 3299 321 3344 causum
344 3278 547 3343 referendum
570 3283 634 3361 est,
661 3299 743 3363 quae
766 3299 864 3344 oense
886 3280 1001 3365 genuit
1023 3280 1198 3346 civitatem.
1212 3297 1239 3340 es
1287 3331 1288 3365 ,

138 3377 171 3426 42
190 3365 314 3430 Deinde
332 3371 390 3430 eut
407 3367 464 3430 uni
481 3367 689 3430 tribuendum
708 3370 758 3430 est
777 3371 834 3432 eut
852 3365 986 3432 delectis
1003 3368 1198 3452 quibusdam

190 3456 248 3518 eut
261 3453 498 3538 suscipiendum
513 3458 564 3519 est
578 3454 779 3519 multitudini
793 3459 890 3539 etque
905 3456 1063 3522 omnibus.
1092 3455 1198 3532 Quare
