2528 3880
306 164 375 218 ΜΒ.
394 165 430 223 11.
450 164 527 223 οΑΡ.
546 173 651 222 ar-ae
669 173 685 233 s
704 173 818 223 ea-se.
1004 167 1071 232 325

56 309 154 393 plura
180 308 327 395 insignia
353 314 463 375 essent
489 310 608 395 inperii
634 311 669 375 in
696 311 801 376 libero
828 311 952 396 populo
975 333 1073 395 quam

56 397 93 460 in
110 418 213 482 regno
231 397 381 462 fuissent
417 398 515 462 Haud
533 399 704 464 mediocris
722 399 785 482 hic,
807 403 845 464 ut
863 421 924 485 ego
943 398 1073 483 quidem

56 485 226 572 intellego,
253 486 305 550 vir
331 485 409 569 fuit,
437 487 493 570 qni
520 487 648 552 modica
674 487 828 552 libertate
850 488 972 572 populo
996 487 1074 552 data

55 571 187 638 facilius
205 574 314 638 tenuit
327 575 557 639 auctoritatem
570 574 763 660 principum.
789 573 903 659 Neque
918 595 978 661 ego
992 574 1074 640 haec

32 677 143 727 lnunc
176 662 247 728 sine
279 683 377 727 causa
408 666 478 726 tam
506 667 618 727 vetera
646 663 740 728 vobis
768 666 802 727 et
828 666 898 728 tam
924 664 1074 729 obsoleta

57 749 212 834 decanto,
232 750 238 830 Ι
258 750 316 815 sed
337 750 533 815 inlustribus
555 752 591 815 in
613 751 762 836 personis
784 750 936 836 tempori·
960 753 1001 833 [p.
1022 767 1073 816 186

56 838 185 922 busque
214 840 363 923 exempla
384 838 554 903 hominum
576 860 749 922 rerumque
772 838 904 924 definio,
926 839 968 903 ad
991 860 1073 924 quae

55 926 188 1009 reliqua
211 926 318 990 oratio
342 926 509 1011 derigatur
531 949 612 991 mea.

124 1013 246 1078 Tenuit
275 1015 379 1100 igitur
406 1015 468 1080 hoc
490 1015 526 1078 in
548 1019 639 1079 statu
662 1019 794 1080 senatus
817 1036 887 1080 rem
908 1015 1074 1102 publicam
1084 993 1127 1059 32

20 1118 45 1159 ιο
57 1103 266 1188 temporibus
289 1103 365 1186 illis,
387 1107 425 1166 ut
446 1103 481 1166 in
503 1103 625 1187 populo
647 1103 751 1168 libero
774 1126 878 1188 pauca
899 1126 958 1188 per
975 1125 1074 1189 popu·
1092 1071 1127 1122 ⁵⁶

56 1191 136 1274 lum,
158 1191 317 1276 pleraque
340 1193 473 1255 senatus
492 1191 687 1256 auctoritate
705 1194 739 1256 et
756 1191 909 1256 instituto
929 1215 966 1256 ac
984 1213 1075 1256 more

57 1283 267 1364 gererentur,
298 1282 397 1363 atque
429 1279 479 1343 uti
511 1279 660 1344 consules
689 1283 889 1364 potestatem
916 1280 1076 1345 haberent

55 1371 208 1452 tempore
231 1367 404 1432 dumtaxat
426 1389 576 1451 annuam,
596 1367 601 1448 Ι
621 1388 739 1452 genere
761 1369 833 1452 ipso
857 1390 895 1433 ac
912 1369 982 1432 iure
1001 1371 1075 1449 [ps

56 1456 196 1541 regiam.
243 1453 400 1539 Quodque
423 1459 494 1520 erat
516 1455 558 1519 ad
581 1455 793 1540 optinendam
814 1457 998 1540 potentiam
1019 1479 1075 1520 no·

20 1559 43 1601 1⁵
55 1544 177 1608 bilium
200 1543 255 1608 vel
277 1544 470 1628 maximum,
492 1543 700 1609 vehementer
721 1543 757 1608 id
778 1544 993 1628 retinebatur,
1021 1566 1076 1628 po

53 1632 128 1717 puli
150 1631 289 1697 comitia
310 1654 351 1696 ne
374 1636 484 1696 essent
506 1636 589 1715 rata,
613 1631 681 1695 nisi
702 1653 741 1696 ea
762 1635 894 1716 patrum
918 1632 1076 1718 adproba-

54 1721 161 1785 visset
185 1720 375 1785 auctoritas.
411 1719 522 1804 Atque
544 1719 598 1784 bis
615 1719 696 1804 ipsis
714 1721 917 1805 temporibus
936 1721 1077 1786 dictator

55 1809 160 1873 etiam
194 1811 246 1872 est
277 1808 450 1873 institutus
482 1808 593 1873 decern
623 1807 691 1871 fere
725 1809 817 1872 annis
849 1813 926 1894 post
952 1811 1075 1894 primos

54 1897 225 1981 consulas,
251 1895 288 1960 Τ.
310 1895 459 1980 Larcius,
486 1916 672 1977 novumque
698 1895 732 1960 id
755 1917 857 1981 genus
880 1919 1010 1982 1mpern
1031 1898 1076 1962 ri·

19 2001 42 2041 ²⁰
55 2007 131 2050 sum
151 1987 253 2050 estet
270 1984 457 2069 proximum
475 1983 682 2048 similitudini
694 1984 813 2069 regiae.
841 1982 905 2050 Sed
919 1983 924 2072 Ι
940 1989 988 2050 ta·
1002 1988 1044 2067 [p.
1058 2003 1076 2051 o

53 2095 133 2138 men
166 2073 279 2137 omnia
311 2095 439 2137 summa
475 2094 549 2137 cum
586 2072 782 2136 auctoritate
818 2094 839 2138 a
874 2073 1075 2158 principibus

53 2162 193 2228 cedente
211 2162 334 2246 populo
354 2161 559 2243 tenebantur,
581 2181 784 2245 magnaeque
801 2181 855 2225 res
873 2162 1076 2245 temporibus

52 2249 125 2314 illis
149 2271 171 2313 a
193 2247 386 2314 fortissimis
408 2249 490 2314 viris
513 2269 640 2312 summo
663 2248 802 2332 imperio
824 2249 991 2334 praeditis,
1014 2249 1077 2314 dic·

52 2338 226 2403 tatoribus
249 2340 349 2421 atque
370 2336 569 2419 consulibus,
591 2335 672 2399 belli
694 2338 901 2420 gerebantur.

18 2441 41 2482 ὅ
124 2424 192 2492 Sed
215 2424 264 2509 id,
291 2425 378 2509 quod
399 2425 472 2489 fieri
492 2427 612 2488 natura
633 2445 743 2488 rerum
764 2424 838 2508 ipsa
859 2424 1012 2509 cogebat,
1038 2429 1077 2488 ut
1086 2403 1130 2467 33

53 2514 247 2600 plusculum
279 2513 343 2577 sibi
371 2513 453 2577 iuris
480 2511 621 2596 populus
650 2511 845 2576 adscisceret
871 2512 1029 2576 liberatus
1057 2535 1078 2576 a
1095 2479 1129 2528 ⁵⁷

52 2603 203 2689 regibus,
226 2623 295 2666 non
313 2602 415 2684 longo
433 2600 618 2683 intervallo,
641 2603 733 2664 sexto
752 2599 876 2664 decimo
894 2600 963 2664 fere
982 2621 1078 2684 anno,

52 2690 220 2756 Postumo
249 2687 408 2774 Colminio
432 2685 486 2772 Sp.
509 2685 623 2752 Cassio
650 2687 838 2752 consulibus
865 2709 974 2752 conse-
998 2689 1040 2768 [p.
1060 2704 1076 2752 ἰ

54 2783 152 2845 cutus
187 2780 254 2862 est3
285 2778 321 2842 in
353 2799 418 2861 quo
450 2775 554 2841 defuit
579 2775 721 2840 fortasse
747 2775 849 2859 ratio,
880 2775 938 2841 sed
966 2779 1078 2840 tamen

16 2881 40 2923 ω
54 2867 161 2932 vincit
190 2865 267 2951 ipsa
288 2887 398 2929 rerum
420 2863 625 2950 publicarum
646 2866 767 2928 natura
789 2884 886 2949 saepe
908 2865 1077 2927 rationem

36 2954 94 3021 'Id
112 2954 205 3020 enim
223 2956 381 3036 tenetote,
404 2952 491 3036 quod
508 2952 604 3016 initio
623 2951 699 3034 dixi,
716 2951 781 3016 nisi
799 2951 980 3035 aequabilis
997 2951 1078 3015 haec

53 3043 91 3108 in
113 3042 253 3109 civitate
277 3040 489 3126 conpensatio
512 3040 558 3104 sit
579 3044 613 3104 et
634 3040 715 3103 iuris
739 3043 773 3103 et
795 3039 895 3104 officii
917 3042 952 3104 et
969 3061 1078 3103 mune

54 3132 111 3216 ris,
135 3135 177 3196 ut
199 3134 236 3195 et
257 3129 435 3216 potestatis
458 3128 540 3192 satis
561 3127 598 3191 in
619 3128 870 3212 magistratibus
888 3130 922 3191 et
940 3127 1079 3192 auctori·

54 3221 138 3285 tatis
161 3219 200 3284 in
222 3218 410 3303 principum
432 3215 569 3280 consilio
592 3219 627 3280 et
648 3215 812 3279 libertatis
830 3215 867 3278 in
882 3215 1006 3301 populo
1025 3215 1079 3296 sit,

17 3323 122 3374 bnon
154 3327 257 3393 posse
289 3306 376 3370 hunc
407 3300 717 3388 incommultabilem
744 3304 970 3388 reipublicae
1000 3305 1078 3384 [ps

54 3395 250 3464 conservari
282 3397 416 3458 statum
461 3390 549 3455 Nam
580 3413 653 3456 cum
685 3394 772 3454 esset
803 3413 841 3456 ex
870 3414 944 3457 aere
971 3391 1078 3457 alieno
1097 3400 1131 3450 58

53 3487 229 3552 commota
250 3481 383 3564 civitas,
403 3479 499 3566 plebs
522 3483 666 3544 montem
689 3499 819 3544 sacrum
839 3480 940 3565 prius,
965 3477 1079 3544 deinde
