2630 3890
183 166 249 230 216
531 165 580 220 DE
597 163 839 222 DIVINATIONE

183 331 292 395 saepe,
317 313 429 374 tamen
450 331 626 394 numquam
651 308 757 394 aegris
781 309 891 374 dicunt
913 309 971 374 illo
995 309 1109 374 morbo
1133 330 1193 374 eos

183 420 254 464 csse
276 399 465 478 morituros;
489 397 593 462 omnis
616 396 703 462 enim
725 397 902 482 praedictio
926 397 1005 461 mali
1027 400 1097 461 tum
1115 419 1193 482 pro·

131 497 164 548 15
182 487 288 570 batur,
310 508 383 552 cum
406 485 447 550 ad
469 485 721 570 praedictionem
744 486 851 550 cautio
873 485 1069 572 adiungitur.
1105 483 1193 560 Quid

182 575 244 661 igit
245 597 284 640 ur
307 578 364 640 aut
387 577 516 638 ostenta
539 577 596 638 aut
618 595 729 638 eorum
749 573 908 658 interpret
910 594 944 637 es
894 574 1014 638 trel
1032 572 1192 638 Lacedae?-

182 663 309 728 monios
336 662 416 728 olim
442 662 494 726 vel
521 683 623 746 nuper
649 665 725 726 nost
727 683 781 726 ros
808 661 1022 726 adiuverunt?
1054 663 1193 745 quaesi
1223 679 1239 720 5
1302 691 1303 702 1

183 751 278 838 signa
295 750 428 815 deorum
445 753 505 834 put
491 749 591 814 tanda
609 753 693 834 sunt,
717 771 773 815 our
790 753 860 814 tam
879 750 1017 814 obseura
1033 748 1191 815 fuerunt?

182 840 211 904 si
247 839 346 921 enim,
381 841 419 902 ut
449 799 726 922 intellegeremds,
763 837 840 922 quid
872 841 958 902 esset
990 841 1190 921 eventurum,

182 931 293 1013 aperte
316 926 474 990 declarari
496 926 682 1011 oportebat,
704 929 762 991 aut
784 948 825 991 ne
848 927 973 991 occulte
996 926 1189 1012 quidem,
1162 949 1191 992 sr

183 1037 222 1080 ea
244 1014 319 1079 sciri
341 1015 506 1079 nolebant.

130 1104 172 1168 26
248 1102 319 1167 Iam
341 1124 418 1167 vero
442 1102 626 1168 coniectura
649 1102 763 1185 omnis,
785 1101 820 1166 in
843 1123 907 1186 qua
928 1102 1045 1166 nititur
1068 1102 1190 1168 divina·
1206 1124 1236 1161 ro

183 1191 240 1274 tio,
258 1191 396 1276 ingeniis
415 1190 583 1255 hominum
601 1191 636 1254 in
653 1191 775 1255 multas
790 1193 846 1254 aut
861 1190 1004 1256 diversas
1019 1191 1191 1256 autetiam

184 1279 364 1344 contrarias
391 1279 496 1364 partis
519 1301 615 1364 saepe
638 1278 806 1343 diducitur.
847 1277 895 1343 Ut
917 1278 1003 1343 enim
1026 1279 1060 1342 in
1083 1280 1190 1344 causis

184 1367 388 1432 iudicialibus
412 1367 477 1432 alia
499 1367 682 1432 coniectura
703 1370 753 1431 est
770 1366 977 1449 accusatorie,
1000 1367 1066 1432 alia
1085 1367 1190 1432 defen-

184 1456 266 1521 soris
290 1459 323 1520 11
345 1458 455 1520 tame'n
477 1456 645 1540 utriusque
668 1455 839 1537 credibilis,
863 1455 961 1520 sicin
980 1455 1129 1520 omnibus
1147 1456 1189 1520 iis

182 1545 292 1626 rebus,
324 1566 405 1628 quae
437 1544 622 1610 coniectura
651 1543 844 1629 investigari
874 1542 1038 1627 videntur,
1071 1563 1233 1629 anceps1⁵

182 1633 343 1716 reperitur
357 1632 473 1697 oratio.
496 1631 582 1708 Quas
598 1635 706 1697 autem
720 1653 772 1696 res
787 1635 857 1695 tum
871 1634 997 1715 natura,
1011 1635 1081 1696 tum
1096 1654 1189 1697 casus

183 1721 297 1804 adfert,
319 1743 386 1785 non
406 1742 584 1804 numquam
608 1720 706 1784 etiam
730 1741 871 1784 errorem
894 1723 983 1784 creat
1002 1719 1189 1805 similitudo,

183 1830 303 1894 magna
331 1808 474 1872 stultitia
497 1812 547 1872 est
570 1830 681 1873 earum
703 1828 812 1872 rerum
835 1807 911 1873 deos
933 1805 1040 1872 facere
1063 1809 1190 1874 effecto-

131 1912 164 1960 11
182 1919 248 1980 111,
276 1918 390 1962 causas
416 1919 524 1961 rerum
550 1918 617 1960 non
640 1917 803 1980 quaerere.
847 1894 897 1960 'Pu
918 1899 1010 1960 vates
1033 1894 1188 1962 Boeotios
1302 1913 1303 1916 ’

182 1985 285 2051 credis
316 1984 478 2049 Lebadiae
514 1984 633 2049 vidisse
667 2005 706 2048 ex
739 1983 900 2069 gallorum
934 1984 1189 2068 gallinaceorum
1202 2003 1229 2042 2⁰

182 2075 279 2139 cantu
302 2072 472 2137 victoriam
496 2094 565 2137 esse
583 2071 820 2155 Thebanorum,
843 2071 919 2155 quia
943 2073 1024 2157 galli
1046 2073 1126 2138 victi
1149 2074 1188 2138 si·

182 2163 249 2226 lere
272 2161 422 2243 solerent,
446 2182 559 2225 canere
577 2160 642 2224 vict
644 2180 725 2224 ores.
760 2159 832 2224 Hoc
850 2159 953 2244 igitur
970 2182 1030 2245 per
1047 2161 1187 2246 gallinas

181 2249 328 2350 Iuppiter
351 2252 463 2313 tantae
486 2248 549 2314 civi
549 2247 656 2312 tati
630 2269 759 2334 srgnum
779 2247 900 2312 dabat?
936 2247 990 2312 An
1007 2249 1085 2314 illae
1103 2273 1188 2334 aves,

181 2338 246 2401 nisi
268 2359 341 2402 aum
364 2336 522 2420 vicerunt,
545 2359 659 2402 canere
681 2358 748 2400 non
770 2336 898 2401 solent?
935 2335 982 2400 At
1003 2340 1074 2401 tum
1097 2360 1187 2403 cane·

181 2427 263 2491 bant
288 2447 348 2490 nec
373 2425 526 2490 vicerant.
503 2423 604 2488 tld
632 2424 718 2488 enim
747 2428 811 2507 est,
842 2423 982 2509 inquies,
1015 2429 1187 2491 ostentum
1201 2443 1225 2484 ²⁵

181 2513 337 2599 Magnum
356 2514 446 2578 vero!
466 2512 559 2598 quasi
576 2512 689 2597 pisces,
707 2534 774 2577 non
788 2511 868 2598 galli
882 2512 1068 2578 cecinerint!
1096 2513 1188 2590 Quod

182 2605 291 2667 autern
319 2605 370 2666 est
396 2605 539 2685 tempus,
567 2622 630 2684 quo
653 2600 703 2664 illi
724 2622 791 2665 non
813 2603 958 2684 cantent,
984 2603 1037 2666 vel
1060 2607 1187 2667 noctur-

181 2713 259 2755 num
281 2691 334 2754 vel
353 2689 524 2754 diurnum?
556 2687 678 2764 Quodsi
695 2689 835 2753 victores
854 2688 1023 2754 alacritate
1042 2694 1075 2754 11
1094 2693 1187 2775 quasi

181 2778 309 2844 laetitia
331 2778 371 2841 ad
394 2777 571 2842 canendum
595 2776 790 2860 excitantur,
814 2775 922 2860 potuit
946 2778 1100 2843 accidisse
1123 2781 1187 2844 alia

129 2881 162 2929 11
183 2888 310 2952 quoque
338 2865 477 2949 laetitia,
505 2887 569 2950 qua
594 2865 635 2929 ad
658 2868 788 2930 cantum
811 2869 1025 2930 moverentur.
1065 2867 1186 2933 Demo·
1200 2885 1225 2924 ³⁰

181 2956 281 3020 oritus
315 2953 443 3038 quidem
476 2953 618 3038 optumis
647 2953 755 3017 verbis
788 2973 920 3018 oausam
947 2954 1100 3038 explicat,
1133 2978 1187 3021 cur

181 3046 257 3106 ante
279 3042 383 3107 lucem
407 3041 487 3127 galli
510 3044 642 3124 canant,
670 3040 804 3124 depulso
833 3041 919 3105 enim
942 3041 980 3105 de
1003 3047 1133 3126 pectore
1156 3049 1187 3108 et

180 3131 215 3194 in
238 3151 332 3194 omne
355 3151 471 3212 corpus
495 3129 597 3194 diviso
621 3131 654 3193 et
676 3128 846 3193 mitificato
870 3128 941 3194 cibo
961 3134 1074 3196 cantus
1095 3132 1186 3197 edere

181 3217 288 3301 quiete
312 3217 465 3301 satiatos,
488 3217 691 3302 quiquidem
710 3215 887 3282 ‘silentio
909 3218 1064 3304 noctis',
1086 3221 1186 3284 utait

181 3304 315 3389 Ennius,
1197 3325 1223 3366 u

319 3442 325 3455 .
356 3403 370 3457 ’.
496 3393 629 3457 favent
651 3391 830 3457 faucibus
853 3393 976 3457 russis

312 3479 438 3545 Contu
459 3481 676 3564 plausuque
699 3484 878 3566 premunt
901 3481 993 3544 alas.
