<?xml version="1.0" encoding="UTF-8"?>
<!DOCTYPE html PUBLIC "-//W3C//DTD XHTML 1.0 Transitional//EN"
    "http://www.w3.org/TR/xhtml1/DTD/xhtml1-transitional.dtd">
<html xmlns="http://www.w3.org/1999/xhtml" xml:lang="en" lang="en">
 <head>
  <title>
</title>
<meta http-equiv="Content-Type" content="text/html;charset=utf-8" />
  <meta name='ocr-system' content='tesseract 3.04.00' />
  <meta name='ocr-capabilities' content='ocr_page ocr_carea ocr_par ocr_line ocrx_word'/>
</head>
<body>
  <div class='ocr_page' id='page_1' title='image "./scriptaquaemans02mullgoog_0470.png"; bbox 0 0 2578 3874; ppageno 0'>
   <div class='ocr_carea' id='block_1_1' title="bbox 346 175 1123 244">
    <p class='ocr_par' dir='ltr' id='par_1_1' title="bbox 346 175 1123 244">
     <span class='ocr_line' id='line_1_1' title="bbox 346 175 1123 244; baseline 0.021 -18"><span class='ocrx_word' id='word_1_1' title='bbox 346 214 350 226; x_wconf 92' lang='lat'>.</span> <span class='ocrx_word' id='word_1_2' title='bbox 384 175 450 232; x_wconf 76' lang='lat' dir='ltr'><strong>ars.</strong></span> <span class='ocrx_word' id='word_1_3' title='bbox 466 176 500 235; x_wconf 87' lang='grc' dir='ltr'><strong>Π.</strong></span> <span class='ocrx_word' id='word_1_4' title='bbox 517 177 593 231; x_wconf 81' lang='lat' dir='ltr'><strong>cAP.</strong></span> <span class='ocrx_word' id='word_1_5' title='bbox 614 185 639 244; x_wconf 87' lang='lat' dir='ltr'><strong>a,</strong></span> <span class='ocrx_word' id='word_1_6' title='bbox 659 183 684 232; x_wconf 81' lang='lat' dir='ltr'><strong>a.</strong></span> <span class='ocrx_word' id='word_1_7' title='bbox 708 183 723 244; x_wconf 69' lang='lat' dir='ltr'><strong>a</strong></span> <span class='ocrx_word' id='word_1_8' title='bbox 743 184 854 233; x_wconf 78' lang='lat' dir='ltr'><strong>re—aa.</strong></span> <span class='ocrx_word' id='word_1_9' title='bbox 905 191 906 194; x_wconf 43' lang='lat'>¹</span> <span class='ocrx_word' id='word_1_10' title='bbox 1057 177 1123 242; x_wconf 82' lang='lat'><strong>413</strong></span> 
     </span>
    </p>
   </div>
   <div class='ocr_carea' id='block_1_2' title="bbox 2 319 1178 3566">
    <p class='ocr_par' dir='ltr' id='par_1_2' title="bbox 2 319 1178 3566">
     <span class='ocr_line' id='line_1_2' title="bbox 107 319 1125 408; baseline 0 -22"><span class='ocrx_word' id='word_1_11' title='bbox 107 319 212 386; x_wconf 88' lang='lat' dir='ltr'><strong>ratis</strong></span> <span class='ocrx_word' id='word_1_12' title='bbox 225 323 486 405; x_wconf 85' lang='lat' dir='ltr'><strong>temperante,-</strong></span> <span class='ocrx_word' id='word_1_13' title='bbox 502 322 710 406; x_wconf 80' lang='lat' dir='ltr'><strong>urbemque</strong></span> <span class='ocrx_word' id='word_1_14' title='bbox 724 324 763 385; x_wconf 93' lang='lat' dir='ltr'><strong>et</strong></span> <span class='ocrx_word' id='word_1_15' title='bbox 777 343 891 408; x_wconf 82' lang='lat' dir='ltr'><strong>agros</strong></span> <span class='ocrx_word' id='word_1_16' title='bbox 903 323 1125 407; x_wconf 90' lang='lat' dir='ltr'><strong>[et]templa</strong></span> 
     </span>
     <span class='ocr_line' id='line_1_3' title="bbox 108 407 1124 496; baseline 0 -22"><span class='ocrx_word' id='word_1_17' title='bbox 108 409 285 474; x_wconf 88' lang='lat' dir='ltr'><strong>liberata</strong></span> <span class='ocrx_word' id='word_1_18' title='bbox 308 412 347 472; x_wconf 91' lang='lat' dir='ltr'><strong>et</strong></span> <span class='ocrx_word' id='word_1_19' title='bbox 371 409 495 473; x_wconf 84' lang='lat' dir='ltr'><strong>effata</strong></span> <span class='ocrx_word' id='word_1_20' title='bbox 517 409 692 474; x_wconf 91' lang='lat' dir='ltr'><strong>habento.</strong></span> <span class='ocrx_word' id='word_1_21' title='bbox 729 407 911 494; x_wconf 80' lang='lat' dir='ltr'>Quaeque</span> <span class='ocrx_word' id='word_1_22' title='bbox 930 431 1051 496; x_wconf 85' lang='lat' dir='ltr'><strong>augur</strong></span> <span class='ocrx_word' id='word_1_23' title='bbox 1069 410 1124 475; x_wconf 91' lang='lat' dir='ltr'><strong>in·</strong></span> 
     </span>
     <span class='ocr_line' id='line_1_4' title="bbox 107 496 1125 581; baseline -0.001 -19"><span class='ocrx_word' id='word_1_24' title='bbox 107 497 218 562; x_wconf 87' lang='lat' dir='ltr'><strong>iusta</strong></span> <span class='ocrx_word' id='word_1_25' title='bbox 252 496 421 581; x_wconf 87' lang='lat' dir='ltr'><strong>nefasta,</strong></span> <span class='ocrx_word' id='word_1_26' title='bbox 462 497 609 562; x_wconf 84' lang='lat' dir='ltr'><strong>vitiosa</strong></span> <span class='ocrx_word' id='word_1_27' title='bbox 645 497 729 562; x_wconf 92' lang='lat' dir='ltr'><strong>dira</strong></span> <span class='ocrx_word' id='word_1_28' title='bbox 765 498 963 581; x_wconf 79' lang='lat' dir='ltr'><strong>defixerit,</strong></span> <span class='ocrx_word' id='word_1_29' title='bbox 1003 499 1125 562; x_wconf 92' lang='lat' dir='ltr'><strong>inrita</strong></span> 
     </span>
     <span class='ocr_line' id='line_1_5' title="bbox 70 585 1125 738; baseline 0.001 -89"><span class='ocrx_word' id='word_1_30' title='bbox 70 609 73 614; x_wconf 94' lang='lat'><em>·</em></span> <span class='ocrx_word' id='word_1_31' title='bbox 108 585 336 738; x_wconf 42' lang='lat' dir='ltr'><strong>inpectaquc</strong></span> <span class='ocrx_word' id='word_1_32' title='bbox 366 589 494 670; x_wconf 84' lang='lat' dir='ltr'><strong>sunto3</strong></span> <span class='ocrx_word' id='word_1_33' title='bbox 527 585 667 670; x_wconf 91' lang='lat' dir='ltr'><strong>quique</strong></span> <span class='ocrx_word' id='word_1_34' title='bbox 696 608 772 651; x_wconf 89' lang='lat' dir='ltr'><strong>non</strong></span> <span class='ocrx_word' id='word_1_35' title='bbox 800 586 991 671; x_wconf 89' lang='lat' dir='ltr'><strong>paruerit,</strong></span> <span class='ocrx_word' id='word_1_36' title='bbox 1023 586 1125 670; x_wconf 89' lang='lat' dir='ltr'><strong>capi·</strong></span> 
     </span>
     <span class='ocr_line' id='line_1_6' title="bbox 77 677 287 739; baseline 0.024 -6"><span class='ocrx_word' id='word_1_37' title='bbox 77 677 152 739; x_wconf 79' lang='lat' dir='ltr'><strong>ata</strong></span> <span class='ocrx_word' id='word_1_38' title='bbox 193 677 287 738; x_wconf 90' lang='lat' dir='ltr'><strong>estc.</strong></span> 
     </span>
     <span class='ocr_line' id='line_1_7' title="bbox 177 760 1164 847; baseline 0.003 -22"><span class='ocrx_word' id='word_1_39' title='bbox 177 760 389 827; x_wconf 88' lang='lat' dir='ltr'><strong>Foederum</strong></span> <span class='ocrx_word' id='word_1_40' title='bbox 411 761 533 847; x_wconf 87' lang='lat' dir='ltr'><strong>pacis,</strong></span> <span class='ocrx_word' id='word_1_41' title='bbox 555 761 667 846; x_wconf 89' lang='lat' dir='ltr'><strong>belli,</strong></span> <span class='ocrx_word' id='word_1_42' title='bbox 690 761 929 828; x_wconf 89' lang='lat' dir='ltr'><strong>indotiarum</strong></span> <span class='ocrx_word' id='word_1_43' title='bbox 951 763 1164 828; x_wconf 87' lang='lat' dir='ltr'><strong>ratorum9</strong></span> 
     </span>
     <span class='ocr_line' id='line_1_8' title="bbox 108 849 1125 936; baseline 0.001 -21"><span class='ocrx_word' id='word_1_44' title='bbox 108 849 271 915; x_wconf 81' lang='lat' dir='ltr'><strong>fetiales</strong></span> <span class='ocrx_word' id='word_1_45' title='bbox 283 849 446 934; x_wconf 88' lang='lat' dir='ltr'><strong>iudices,</strong></span> <span class='ocrx_word' id='word_1_46' title='bbox 463 850 591 915; x_wconf 91' lang='lat' dir='ltr'><strong>nontii</strong></span> <span class='ocrx_word' id='word_1_47' title='bbox 606 853 734 934; x_wconf 91' lang='lat' dir='ltr'><strong>sunto,</strong></span> <span class='ocrx_word' id='word_1_48' title='bbox 752 851 856 915; x_wconf 86' lang='lat' dir='ltr'><strong>bella</strong></span> <span class='ocrx_word' id='word_1_49' title='bbox 869 851 1125 936; x_wconf 89' lang='lat' dir='ltr'><strong>disceptanto.</strong></span> 
     </span>
     <span class='ocr_line' id='line_1_9' title="bbox 177 937 1125 1024; baseline 0.001 -21"><span class='ocrx_word' id='word_1_50' title='bbox 177 937 376 1024; x_wconf 81' lang='lat' dir='ltr'><strong>Prodigia,</strong></span> <span class='ocrx_word' id='word_1_51' title='bbox 398 941 584 1023; x_wconf 89' lang='lat' dir='ltr'><strong>portenta</strong></span> <span class='ocrx_word' id='word_1_52' title='bbox 607 938 653 1002; x_wconf 89' lang='lat' dir='ltr'><strong>ad</strong></span> <span class='ocrx_word' id='word_1_53' title='bbox 669 937 858 1004; x_wconf 80' lang='lat' dir='ltr'><strong>Etruscos</strong></span> <span class='ocrx_word' id='word_1_54' title='bbox 882 939 1125 1024; x_wconf 88' lang='lat' dir='ltr'><strong>haruspices,</strong></span> 
     </span>
     <span class='ocr_line' id='line_1_10' title="bbox 110 1026 1125 1112; baseline -0.001 -20"><span class='ocrx_word' id='word_1_55' title='bbox 110 1027 146 1092; x_wconf 92' lang='lat' dir='ltr'><strong>si</strong></span> <span class='ocrx_word' id='word_1_56' title='bbox 173 1029 331 1092; x_wconf 89' lang='lat' dir='ltr'><strong>senatus</strong></span> <span class='ocrx_word' id='word_1_57' title='bbox 355 1026 485 1110; x_wconf 85' lang='lat' dir='ltr'><strong>iussit,</strong></span> <span class='ocrx_word' id='word_1_58' title='bbox 513 1026 734 1111; x_wconf 84' lang='lat' dir='ltr'><strong>deferunto,</strong></span> <span class='ocrx_word' id='word_1_59' title='bbox 761 1027 998 1110; x_wconf 70' lang='lat' dir='ltr'><strong>Etruriaeque</strong></span> <span class='ocrx_word' id='word_1_60' title='bbox 1020 1027 1125 1112; x_wconf 90' lang='lat' dir='ltr'><strong>prin·</strong></span> 
     </span>
     <span class='ocr_line' id='line_1_11' title="bbox 67 1112 1126 1200; baseline 0.005 -26"><span class='ocrx_word' id='word_1_61' title='bbox 67 1134 96 1174; x_wconf 80' lang='lat' dir='ltr'><strong>rc</strong></span> <span class='ocrx_word' id='word_1_62' title='bbox 110 1116 217 1200; x_wconf 89' lang='lat' dir='ltr'><strong>cipes</strong></span> <span class='ocrx_word' id='word_1_63' title='bbox 249 1114 500 1199; x_wconf 71' lang='lat' dir='ltr'><strong>disciplinam</strong></span> <span class='ocrx_word' id='word_1_64' title='bbox 532 1115 678 1180; x_wconf 79' lang='lat' dir='ltr'><strong>doceto.</strong></span> <span class='ocrx_word' id='word_1_65' title='bbox 733 1112 880 1190; x_wconf 85' lang='lat' dir='ltr'><strong>Quibus</strong></span> <span class='ocrx_word' id='word_1_66' title='bbox 913 1115 1015 1180; x_wconf 88' lang='lat' dir='ltr'><strong>divis</strong></span> <span class='ocrx_word' id='word_1_67' title='bbox 1046 1137 1126 1180; x_wconf 89' lang='lat' dir='ltr'><strong>cre·</strong></span> 
     </span>
     <span class='ocr_line' id='line_1_12' title="bbox 109 1202 1125 1290; baseline 0.001 -23"><span class='ocrx_word' id='word_1_68' title='bbox 109 1204 253 1288; x_wconf 85' lang='lat' dir='ltr'><strong>verint,</strong></span> <span class='ocrx_word' id='word_1_69' title='bbox 275 1207 525 1288; x_wconf 88' lang='lat' dir='ltr'><strong>procuranto,</strong></span> <span class='ocrx_word' id='word_1_70' title='bbox 547 1202 725 1287; x_wconf 86' lang='lat' dir='ltr'><strong>idemque</strong></span> <span class='ocrx_word' id='word_1_71' title='bbox 747 1202 907 1290; x_wconf 84' lang='lat' dir='ltr'><strong>fulgora</strong></span> <span class='ocrx_word' id='word_1_72' title='bbox 925 1207 1043 1288; x_wconf 88' lang='lat' dir='ltr'><strong>atque</strong></span> <span class='ocrx_word' id='word_1_73' title='bbox 1061 1204 1125 1268; x_wconf 91' lang='lat' dir='ltr'><strong>ob·</strong></span> 
     </span>
     <span class='ocr_line' id='line_1_13' title="bbox 113 1291 381 1376; baseline -0.007 -18"><span class='ocrx_word' id='word_1_74' title='bbox 113 1293 213 1358; x_wconf 89' lang='lat' dir='ltr'><strong>stita</strong></span> <span class='ocrx_word' id='word_1_75' title='bbox 235 1291 381 1376; x_wconf 91' lang='lat' dir='ltr'><strong>pianto.</strong></span> 
     </span>
     <span class='ocr_line' id='line_1_14' title="bbox 178 1378 1125 1465; baseline 0.002 -21"><span class='ocrx_word' id='word_1_76' title='bbox 178 1379 378 1446; x_wconf 73' lang='lat' dir='ltr'><strong>Nocturna</strong></span> <span class='ocrx_word' id='word_1_77' title='bbox 393 1379 598 1444; x_wconf 89' lang='lat' dir='ltr'><strong>mulierum</strong></span> <span class='ocrx_word' id='word_1_78' title='bbox 612 1378 815 1444; x_wconf 87' lang='lat' dir='ltr'><strong>sacrificia</strong></span> <span class='ocrx_word' id='word_1_79' title='bbox 827 1400 873 1445; x_wconf 91' lang='lat' dir='ltr'><strong>ne</strong></span> <span class='ocrx_word' id='word_1_80' title='bbox 887 1382 1001 1445; x_wconf 78' lang='lat' dir='ltr'><strong>sunto</strong></span> <span class='ocrx_word' id='word_1_81' title='bbox 1015 1401 1125 1465; x_wconf 88' lang='lat' dir='ltr'><strong>prae·</strong></span> 
     </span>
     <span class='ocr_line' id='line_1_15' title="bbox 111 1466 1125 1553; baseline 0.001 -20"><span class='ocrx_word' id='word_1_82' title='bbox 111 1473 172 1533; x_wconf 90' lang='lat' dir='ltr'><strong>ter</strong></span> <span class='ocrx_word' id='word_1_83' title='bbox 190 1468 284 1552; x_wconf 92' lang='lat' dir='ltr'><strong>olla,</strong></span> <span class='ocrx_word' id='word_1_84' title='bbox 308 1489 404 1552; x_wconf 90' lang='lat' dir='ltr'><strong>quae</strong></span> <span class='ocrx_word' id='word_1_85' title='bbox 421 1489 491 1552; x_wconf 91' lang='lat' dir='ltr'><strong>pro</strong></span> <span class='ocrx_word' id='word_1_86' title='bbox 508 1466 652 1553; x_wconf 89' lang='lat' dir='ltr'><strong>populo</strong></span> <span class='ocrx_word' id='word_1_87' title='bbox 671 1466 749 1532; x_wconf 90' lang='lat' dir='ltr'><strong>rite</strong></span> <span class='ocrx_word' id='word_1_88' title='bbox 766 1467 881 1552; x_wconf 73' lang='lat' dir='ltr'><strong>fient,</strong></span> <span class='ocrx_word' id='word_1_89' title='bbox 902 1489 997 1534; x_wconf 83' lang='lat' dir='ltr'><strong>nere</strong></span> <span class='ocrx_word' id='word_1_90' title='bbox 1016 1489 1125 1553; x_wconf 89' lang='lat' dir='ltr'><strong>quem</strong></span> 
     </span>
     <span class='ocr_line' id='line_1_16' title="bbox 70 1553 1124 1640; baseline 0 -18"><span class='ocrx_word' id='word_1_91' title='bbox 70 1573 97 1614; x_wconf 65' lang='grc' dir='ltr'><strong>ιδ</strong></span> <span class='ocrx_word' id='word_1_92' title='bbox 111 1557 300 1622; x_wconf 90' lang='lat' dir='ltr'><strong>initianto</strong></span> <span class='ocrx_word' id='word_1_93' title='bbox 322 1556 412 1639; x_wconf 89' lang='lat' dir='ltr'><strong>nisi,</strong></span> <span class='ocrx_word' id='word_1_94' title='bbox 434 1559 477 1620; x_wconf 91' lang='lat' dir='ltr'><strong>ut</strong></span> <span class='ocrx_word' id='word_1_95' title='bbox 496 1554 665 1640; x_wconf 91' lang='lat' dir='ltr'><strong>adsolet,</strong></span> <span class='ocrx_word' id='word_1_96' title='bbox 688 1554 821 1620; x_wconf 81' lang='lat' dir='ltr'><strong>Cereri</strong></span> <span class='ocrx_word' id='word_1_97' title='bbox 841 1553 986 1623; x_wconf 85' lang='lat' dir='ltr'><strong>Graeco</strong></span> <span class='ocrx_word' id='word_1_98' title='bbox 1007 1577 1124 1622; x_wconf 86' lang='lat' dir='ltr'><strong>sacre.</strong></span> 
     </span>
     <span class='ocr_line' id='line_1_17' title="bbox 180 1643 1178 1730; baseline -0.007 -20"><span class='ocrx_word' id='word_1_99' title='bbox 180 1643 335 1710; x_wconf 83' lang='lat' dir='ltr'><strong>Sacrum</strong></span> <span class='ocrx_word' id='word_1_100' title='bbox 375 1644 636 1728; x_wconf 88' lang='lat' dir='ltr'><strong>commissum,</strong></span> <span class='ocrx_word' id='word_1_101' title='bbox 678 1645 778 1728; x_wconf 90' lang='lat' dir='ltr'><strong>quod</strong></span> <span class='ocrx_word' id='word_1_102' title='bbox 814 1665 937 1728; x_wconf 88' lang='lat' dir='ltr'><strong>neque</strong></span> <span class='ocrx_word' id='word_1_103' title='bbox 974 1645 1125 1730; x_wconf 87' lang='lat' dir='ltr'><strong>expiari</strong></span> <span class='ocrx_word' id='word_1_104' title='bbox 1144 1656 1178 1704; x_wconf 72' lang='lat' dir='ltr'><strong>aa</strong></span> 
     </span>
     <span class='ocr_line' id='line_1_18' title="bbox 111 1731 1124 1819; baseline -0.001 -20"><span class='ocrx_word' id='word_1_105' title='bbox 111 1734 273 1819; x_wconf 89' lang='lat' dir='ltr'><strong>poterit,</strong></span> <span class='ocrx_word' id='word_1_106' title='bbox 295 1733 422 1817; x_wconf 81' lang='lat' dir='ltr'><strong>¹impie</strong></span> <span class='ocrx_word' id='word_1_107' title='bbox 449 1732 694 1798; x_wconf 89' lang='lat' dir='ltr'><strong>commissum</strong></span> <span class='ocrx_word' id='word_1_108' title='bbox 723 1736 820 1814; x_wconf 80' lang='lat' dir='ltr'><strong>est03</strong></span> <span class='ocrx_word' id='word_1_109' title='bbox 853 1731 948 1816; x_wconf 91' lang='lat' dir='ltr'><strong>quod</strong></span> <span class='ocrx_word' id='word_1_110' title='bbox 975 1733 1124 1818; x_wconf 88' lang='lat' dir='ltr'><strong>expiari</strong></span> 
     </span>
     <span class='ocr_line' id='line_1_19' title="bbox 111 1819 916 1909; baseline -0.004 -21"><span class='ocrx_word' id='word_1_111' title='bbox 111 1822 276 1909; x_wconf 89' lang='lat' dir='ltr'><strong>poterit,</strong></span> <span class='ocrx_word' id='word_1_112' title='bbox 298 1821 451 1906; x_wconf 82' lang='lat' dir='ltr'><strong>publici</strong></span> <span class='ocrx_word' id='word_1_113' title='bbox 473 1819 697 1886; x_wconf 73' lang='lat' dir='ltr'><strong>sacerdotes</strong></span> <span class='ocrx_word' id='word_1_114' title='bbox 721 1820 916 1905; x_wconf 87' lang='lat' dir='ltr'><strong>expianto.</strong></span> 
     </span>
     <span class='ocr_line' id='line_1_20' title="bbox 179 1907 1125 1994; baseline 0.002 -20"><span class='ocrx_word' id='word_1_115' title='bbox 179 1909 317 1975; x_wconf 89' lang='lat' dir='ltr'><strong>Loedis</strong></span> <span class='ocrx_word' id='word_1_116' title='bbox 335 1908 518 1994; x_wconf 82' lang='lat' dir='ltr'><strong>publicis,</strong></span> <span class='ocrx_word' id='word_1_117' title='bbox 536 1908 666 1992; x_wconf 91' lang='lat' dir='ltr'><strong>†quod</strong></span> <span class='ocrx_word' id='word_1_118' title='bbox 680 1907 764 1972; x_wconf 92' lang='lat' dir='ltr'><strong>sine</strong></span> <span class='ocrx_word' id='word_1_119' title='bbox 779 1908 974 1974; x_wconf 89' lang='lat' dir='ltr'><strong>curriculo</strong></span> <span class='ocrx_word' id='word_1_120' title='bbox 990 1914 1028 1974; x_wconf 91' lang='lat' dir='ltr'><strong>et</strong></span> <span class='ocrx_word' id='word_1_121' title='bbox 1041 1909 1125 1976; x_wconf 88' lang='lat' dir='ltr'><strong>sine</strong></span> 
     </span>
     <span class='ocr_line' id='line_1_21' title="bbox 71 1997 1125 2081; baseline 0 -18"><span class='ocrx_word' id='word_1_122' title='bbox 71 2017 98 2056; x_wconf 78' lang='lat'><strong>2⁰</strong></span> <span class='ocrx_word' id='word_1_123' title='bbox 112 1998 331 2064; x_wconf 78' lang='lat' dir='ltr'><strong>certatione</strong></span> <span class='ocrx_word' id='word_1_124' title='bbox 350 2018 553 2081; x_wconf 88' lang='lat' dir='ltr'><strong>corporum</strong></span> <span class='ocrx_word' id='word_1_125' title='bbox 570 1997 658 2079; x_wconf 83' lang='lat' dir='ltr'><strong>fiat,</strong></span> <span class='ocrx_word' id='word_1_126' title='bbox 681 1997 908 2081; x_wconf 89' lang='lat' dir='ltr'><strong>popularem</strong></span> <span class='ocrx_word' id='word_1_127' title='bbox 927 1997 1125 2064; x_wconf 85' lang='lat' dir='ltr'><strong>laetitiam</strong></span> 
     </span>
     <span class='ocr_line' id='line_1_22' title="bbox 111 2084 1125 2170; baseline -0.002 -17"><span class='ocrx_word' id='word_1_128' title='bbox 111 2089 152 2153; x_wconf 89' lang='lat' dir='ltr'><strong>in</strong></span> <span class='ocrx_word' id='word_1_129' title='bbox 173 2090 288 2152; x_wconf 93' lang='lat' dir='ltr'><strong>cantu</strong></span> <span class='ocrx_word' id='word_1_130' title='bbox 311 2089 349 2150; x_wconf 93' lang='lat' dir='ltr'><strong>et</strong></span> <span class='ocrx_word' id='word_1_131' title='bbox 366 2085 513 2150; x_wconf 86' lang='lat' dir='ltr'><strong>fidibus</strong></span> <span class='ocrx_word' id='word_1_132' title='bbox 532 2088 570 2149; x_wconf 93' lang='lat' dir='ltr'><strong>et</strong></span> <span class='ocrx_word' id='word_1_133' title='bbox 587 2084 702 2149; x_wconf 91' lang='lat' dir='ltr'><strong>tibiis</strong></span> <span class='ocrx_word' id='word_1_134' title='bbox 720 2085 946 2150; x_wconf 89' lang='lat' dir='ltr'><strong>moderanto</strong></span> <span class='ocrx_word' id='word_1_135' title='bbox 965 2105 1125 2170; x_wconf 86' lang='lat' dir='ltr'><strong>eamque</strong></span> 
     </span>
     <span class='ocr_line' id='line_1_23' title="bbox 112 2172 739 2259; baseline -0.006 -17"><span class='ocrx_word' id='word_1_136' title='bbox 112 2198 196 2242; x_wconf 89' lang='lat' dir='ltr'><strong>cum</strong></span> <span class='ocrx_word' id='word_1_137' title='bbox 220 2175 347 2239; x_wconf 89' lang='lat' dir='ltr'><strong>divum</strong></span> <span class='ocrx_word' id='word_1_138' title='bbox 370 2173 516 2239; x_wconf 84' lang='lat' dir='ltr'><strong>honoro</strong></span> <span class='ocrx_word' id='word_1_139' title='bbox 538 2172 739 2259; x_wconf 84' lang='lat' dir='ltr'><strong>iungunto.</strong></span> 
     </span>
     <span class='ocr_line' id='line_1_24' title="bbox 178 2260 939 2347; baseline -0.001 -20"><span class='ocrx_word' id='word_1_140' title='bbox 178 2261 234 2327; x_wconf 84' lang='lat' dir='ltr'><strong>Ex</strong></span> <span class='ocrx_word' id='word_1_141' title='bbox 255 2261 399 2347; x_wconf 87' lang='lat' dir='ltr'><strong>patriis</strong></span> <span class='ocrx_word' id='word_1_142' title='bbox 422 2261 567 2326; x_wconf 89' lang='lat' dir='ltr'><strong>ritibus</strong></span> <span class='ocrx_word' id='word_1_143' title='bbox 591 2263 748 2345; x_wconf 88' lang='lat' dir='ltr'><strong>optuma</strong></span> <span class='ocrx_word' id='word_1_144' title='bbox 769 2260 939 2326; x_wconf 88' lang='lat' dir='ltr'><strong>colunto.</strong></span> 
     </span>
     <span class='ocr_line' id='line_1_25' title="bbox 178 2347 1125 2434; baseline -0.002 -18"><span class='ocrx_word' id='word_1_145' title='bbox 178 2350 339 2416; x_wconf 87' lang='lat' dir='ltr'><strong>Praeter</strong></span> <span class='ocrx_word' id='word_1_146' title='bbox 360 2348 502 2414; x_wconf 85' lang='lat' dir='ltr'><strong>Idaeae</strong></span> <span class='ocrx_word' id='word_1_147' title='bbox 528 2348 666 2414; x_wconf 78' lang='lat' dir='ltr'><strong>matris</strong></span> <span class='ocrx_word' id='word_1_148' title='bbox 694 2347 878 2434; x_wconf 83' lang='lat' dir='ltr'><strong>famulos,</strong></span> <span class='ocrx_word' id='word_1_149' title='bbox 905 2369 1047 2432; x_wconf 89' lang='lat' dir='ltr'><strong>eosque</strong></span> <span class='ocrx_word' id='word_1_150' title='bbox 1070 2351 1125 2414; x_wconf 91' lang='lat' dir='ltr'><strong>iu·</strong></span> 
     </span>
     <span class='ocr_line' id='line_1_26' title="bbox 2 2436 868 2528; baseline -0.006 -22"><span class='ocrx_word' id='word_1_151' title='bbox 2 2515 3 2528; x_wconf 40' lang='lat'><strong>,</strong></span> <span class='ocrx_word' id='word_1_152' title='bbox 72 2440 187 2506; x_wconf 70' lang='lat' dir='ltr'><strong>assis</strong></span> <span class='ocrx_word' id='word_1_153' title='bbox 210 2439 359 2523; x_wconf 85' lang='lat' dir='ltr'><strong>diebus,</strong></span> <span class='ocrx_word' id='word_1_154' title='bbox 381 2459 426 2503; x_wconf 92' lang='lat' dir='ltr'><strong>ne</strong></span> <span class='ocrx_word' id='word_1_155' title='bbox 450 2437 537 2523; x_wconf 87' lang='lat' dir='ltr'><strong>quis</strong></span> <span class='ocrx_word' id='word_1_156' title='bbox 560 2436 701 2522; x_wconf 86' lang='lat' dir='ltr'><strong>stipem</strong></span> <span class='ocrx_word' id='word_1_157' title='bbox 725 2437 868 2521; x_wconf 83' lang='lat' dir='ltr'><strong>cogito.</strong></span> 
     </span>
     <span class='ocr_line' id='line_1_27' title="bbox 180 2525 1126 2612; baseline -0.002 -20"><span class='ocrx_word' id='word_1_158' title='bbox 180 2526 335 2593; x_wconf 86' lang='lat' dir='ltr'><strong>Sacrum</strong></span> <span class='ocrx_word' id='word_1_159' title='bbox 365 2546 524 2591; x_wconf 83' lang='lat' dir='ltr'><strong>sacrove</strong></span> <span class='ocrx_word' id='word_1_160' title='bbox 552 2525 860 2591; x_wconf 90' lang='lat' dir='ltr'><strong>commendatum</strong></span> <span class='ocrx_word' id='word_1_161' title='bbox 890 2525 955 2609; x_wconf 88' lang='lat' dir='ltr'><strong>qui</strong></span> <span class='ocrx_word' id='word_1_162' title='bbox 982 2525 1126 2612; x_wconf 87' lang='lat' dir='ltr'><strong>clepsit</strong></span> 
     </span>
     <span class='ocr_line' id='line_1_28' title="bbox 3 2613 638 2703; baseline -0.013 -17"><span class='ocrx_word' id='word_1_163' title='bbox 3 2631 4 2634; x_wconf 76' lang='grc'>’</span> <span class='ocrx_word' id='word_1_164' title='bbox 112 2616 302 2703; x_wconf 86' lang='lat' dir='ltr'><strong>rapsitva,</strong></span> <span class='ocrx_word' id='word_1_165' title='bbox 323 2613 523 2699; x_wconf 88' lang='lat' dir='ltr'><strong>parricida</strong></span> <span class='ocrx_word' id='word_1_166' title='bbox 546 2616 638 2679; x_wconf 91' lang='lat' dir='ltr'><strong>esto.</strong></span> 
     </span>
     <span class='ocr_line' id='line_1_29' title="bbox 3 2700 1126 2788; baseline -0.004 -18"><span class='ocrx_word' id='word_1_167' title='bbox 3 2749 4 2760; x_wconf 26' lang='grc' dir='ltr'><strong>κ</strong></span> <span class='ocrx_word' id='word_1_168' title='bbox 177 2703 346 2770; x_wconf 87' lang='lat' dir='ltr'><strong>Periurii</strong></span> <span class='ocrx_word' id='word_1_169' title='bbox 372 2724 495 2788; x_wconf 88' lang='lat' dir='ltr'><strong>poena</strong></span> <span class='ocrx_word' id='word_1_170' title='bbox 517 2701 650 2767; x_wconf 86' lang='lat' dir='ltr'><strong>divina</strong></span> <span class='ocrx_word' id='word_1_171' title='bbox 672 2701 846 2786; x_wconf 85' lang='lat' dir='ltr'><strong>exitium,</strong></span> <span class='ocrx_word' id='word_1_172' title='bbox 876 2700 1043 2766; x_wconf 89' lang='lat' dir='ltr'><strong>humana</strong></span> <span class='ocrx_word' id='word_1_173' title='bbox 1065 2702 1126 2766; x_wconf 89' lang='lat' dir='ltr'><strong>de·</strong></span> 
     </span>
     <span class='ocr_line' id='line_1_30' title="bbox 4 2794 236 2869; baseline -0.013 -8"><span class='ocrx_word' id='word_1_174' title='bbox 4 2838 5 2869; x_wconf 45' lang='lat' dir='ltr'><strong>l</strong></span> <span class='ocrx_word' id='word_1_175' title='bbox 114 2794 236 2859; x_wconf 88' lang='lat' dir='ltr'><strong>decus.</strong></span> 
     </span>
     <span class='ocr_line' id='line_1_31' title="bbox 73 2877 1125 2965; baseline -0.008 -18"><span class='ocrx_word' id='word_1_176' title='bbox 73 2899 100 2940; x_wconf 76' lang='lat'><strong>⁸⁰</strong></span> <span class='ocrx_word' id='word_1_177' title='bbox 178 2882 371 2946; x_wconf 85' lang='lat' dir='ltr'><strong>Incestum</strong></span> <span class='ocrx_word' id='word_1_178' title='bbox 393 2879 606 2965; x_wconf 87' lang='lat' dir='ltr'><strong>pontifices</strong></span> <span class='ocrx_word' id='word_1_179' title='bbox 626 2899 805 2962; x_wconf 89' lang='lat' dir='ltr'><strong>supremo</strong></span> <span class='ocrx_word' id='word_1_180' title='bbox 825 2877 1020 2962; x_wconf 89' lang='lat' dir='ltr'><strong>supplicio</strong></span> <span class='ocrx_word' id='word_1_181' title='bbox 1039 2897 1125 2940; x_wconf 88' lang='lat' dir='ltr'><strong>san·</strong></span> 
     </span>
     <span class='ocr_line' id='line_1_32' title="bbox 113 2971 255 3036; baseline -0.014 0"><span class='ocrx_word' id='word_1_182' title='bbox 113 2971 255 3036; x_wconf 83' lang='lat' dir='ltr'><strong>ciunto.</strong></span> 
     </span>
     <span class='ocr_line' id='line_1_33' title="bbox 178 3053 1124 3144; baseline -0.005 -21"><span class='ocrx_word' id='word_1_183' title='bbox 178 3057 324 3144; x_wconf 90' lang='lat' dir='ltr'><strong>Impius</strong></span> <span class='ocrx_word' id='word_1_184' title='bbox 338 3077 383 3121; x_wconf 90' lang='lat' dir='ltr'><strong>ne</strong></span> <span class='ocrx_word' id='word_1_185' title='bbox 398 3055 538 3121; x_wconf 88' lang='lat' dir='ltr'><strong>audeto</strong></span> <span class='ocrx_word' id='word_1_186' title='bbox 553 3055 711 3140; x_wconf 86' lang='lat' dir='ltr'><strong>placare</strong></span> <span class='ocrx_word' id='word_1_187' title='bbox 725 3053 836 3119; x_wconf 89' lang='lat' dir='ltr'><strong>donis</strong></span> <span class='ocrx_word' id='word_1_188' title='bbox 849 3053 946 3118; x_wconf 89' lang='lat' dir='ltr'><strong>iram</strong></span> <span class='ocrx_word' id='word_1_189' title='bbox 960 3053 1124 3132; x_wconf 85' lang='lat' dir='ltr'><strong>deorum.</strong></span> 
     </span>
     <span class='ocr_line' id='line_1_34' title="bbox 179 3141 1124 3227; baseline -0.007 -16"><span class='ocrx_word' id='word_1_190' title='bbox 179 3145 299 3212; x_wconf 81' lang='lat' dir='ltr'><strong>Caute</strong></span> <span class='ocrx_word' id='word_1_191' title='bbox 334 3149 426 3209; x_wconf 86' lang='lat' dir='ltr'><strong>rota</strong></span> <span class='ocrx_word' id='word_1_192' title='bbox 460 3143 663 3227; x_wconf 72' lang='lat' dir='ltr'><strong>reddunto,</strong></span> <span class='ocrx_word' id='word_1_193' title='bbox 700 3163 822 3227; x_wconf 90' lang='lat' dir='ltr'><strong>poena</strong></span> <span class='ocrx_word' id='word_1_194' title='bbox 853 3141 995 3207; x_wconf 88' lang='lat' dir='ltr'><strong>violati</strong></span> <span class='ocrx_word' id='word_1_195' title='bbox 1026 3141 1124 3205; x_wconf 90' lang='lat' dir='ltr'><strong>iuris</strong></span> 
     </span>
     <span class='ocr_line' id='line_1_35' title="bbox 113 3232 1125 3318; baseline -0.006 -18"><span class='ocrx_word' id='word_1_196' title='bbox 113 3239 206 3301; x_wconf 87' lang='lat' dir='ltr'><strong>esto.</strong></span> <span class='ocrx_word' id='word_1_197' title='bbox 265 3232 453 3309; x_wconf 85' lang='lat' dir='ltr'><strong>Quocirca</strong></span> <span class='ocrx_word' id='word_1_198' title='bbox 496 3253 542 3297; x_wconf 89' lang='lat' dir='ltr'><strong>ne</strong></span> <span class='ocrx_word' id='word_1_199' title='bbox 583 3232 668 3316; x_wconf 89' lang='lat' dir='ltr'><strong>quis</strong></span> <span class='ocrx_word' id='word_1_200' title='bbox 710 3252 844 3318; x_wconf 83' lang='lat' dir='ltr'><strong>agrum</strong></span> <span class='ocrx_word' id='word_1_201' title='bbox 885 3234 1125 3295; x_wconf 89' lang='lat' dir='ltr'><strong>consecrato.</strong></span> 
     </span>
     <span class='ocr_line' id='line_1_36' title="bbox 74 3318 1043 3407; baseline 0 -25"><span class='ocrx_word' id='word_1_202' title='bbox 74 3322 222 3407; x_wconf 78' lang='lat' dir='ltr'><strong>ccAuri,</strong></span> <span class='ocrx_word' id='word_1_203' title='bbox 245 3321 413 3407; x_wconf 85' lang='lat' dir='ltr'><strong>argenti,</strong></span> <span class='ocrx_word' id='word_1_204' title='bbox 436 3320 565 3385; x_wconf 89' lang='lat' dir='ltr'><strong>eboris</strong></span> <span class='ocrx_word' id='word_1_205' title='bbox 590 3319 770 3394; x_wconf 88' lang='lat' dir='ltr'><strong>sacrandi</strong></span> <span class='ocrx_word' id='word_1_206' title='bbox 793 3318 925 3384; x_wconf 89' lang='lat' dir='ltr'><strong>modus</strong></span> <span class='ocrx_word' id='word_1_207' title='bbox 950 3321 1043 3383; x_wconf 88' lang='lat' dir='ltr'><strong>esto.</strong></span> 
     </span>
     <span class='ocr_line' id='line_1_37' title="bbox 179 3409 896 3493; baseline -0.007 -17"><span class='ocrx_word' id='word_1_208' title='bbox 179 3409 296 3476; x_wconf 80' lang='lat' dir='ltr'><strong>Sacra</strong></span> <span class='ocrx_word' id='word_1_209' title='bbox 317 3409 474 3493; x_wconf 85' lang='lat' dir='ltr'><strong>privata</strong></span> <span class='ocrx_word' id='word_1_210' title='bbox 496 3412 683 3493; x_wconf 87' lang='lat' dir='ltr'><strong>perpetua</strong></span> <span class='ocrx_word' id='word_1_211' title='bbox 706 3410 896 3472; x_wconf 88' lang='lat' dir='ltr'><strong>manento.</strong></span> 
     </span>
     <span class='ocr_line' id='line_1_38' title="bbox 179 3493 1122 3566; baseline -0.006 0"><span class='ocrx_word' id='word_1_212' title='bbox 179 3499 349 3566; x_wconf 89' lang='lat' dir='ltr'><strong>Deorum</strong></span> <span class='ocrx_word' id='word_1_213' title='bbox 371 3496 538 3560; x_wconf 88' lang='lat' dir='ltr'><strong>Manium</strong></span> <span class='ocrx_word' id='word_1_214' title='bbox 562 3496 647 3561; x_wconf 89' lang='lat' dir='ltr'><strong>iura</strong></span> <span class='ocrx_word' id='word_1_215' title='bbox 669 3499 805 3561; x_wconf 87' lang='lat' dir='ltr'><strong>sancta</strong></span> <span class='ocrx_word' id='word_1_216' title='bbox 828 3498 953 3559; x_wconf 88' lang='lat' dir='ltr'><strong>sunto.</strong></span> <span class='ocrx_word' id='word_1_217' title='bbox 994 3493 1122 3560; x_wconf 90' lang='lat' dir='ltr'><strong>Bonos</strong></span> 
     </span>
    </p>
   </div>
   <div class='ocr_carea' id='block_1_3' title="bbox 0 0 1306 3874">
    <p class='ocr_par' dir='ltr' id='par_1_3' title="bbox 0 0 1306 3874">
     <span class='ocr_line' id='line_1_39' title="bbox 0 0 1306 3874; baseline 0 0"><span class='ocrx_word' id='word_1_218' title='bbox 0 0 1306 3874; x_wconf 95' lang='lat' dir='ltr'><strong> </strong></span> 
     </span>
    </p>
   </div>
  </div>
 </body>
</html>
