2590 3880
218 181 262 246 30
534 181 583 236 DE
602 183 753 238 NATURA
771 183 926 238 DEORUM

217 345 347 389 naevus.
383 323 439 390 Illi
461 329 572 392 tamen
594 327 656 393 hoc
678 329 789 393 lumen
810 328 989 394 videbatur.
1026 324 1062 402 Q.
1081 323 1236 408 Catulus,

217 414 313 479 huius
337 414 482 501 collegae
502 416 725 481 etfamiliaris
743 417 849 481 nostri
866 420 969 502 pater,
993 414 1107 479 dilexit
1125 415 1234 479 muni-

217 503 322 588 cipem
349 507 442 568 tuum
465 504 632 590 Roscium,
661 505 695 569 in
723 527 818 590 quem
843 505 943 569 etiam
965 503 1048 568 illud
1071 505 1122 567 est
1146 503 1234 568 eius:

285 625 548 694 Constiteram
572 629 749 694 exorient
734 632 811 693 tem
829 629 1019 693 Auroram
1041 624 1147 692 forte
1172 647 1234 691 sa·

854 717 913 781 lu
899 720 1000 800 ans,
1285 751 1286 810 ι

329 801 421 869 Cum
443 804 574 870 subito
599 827 618 869 a
640 807 752 872 laeva
773 805 937 872 Roscius
960 803 1146 869 exoritur
1258 803 1286 873 sl

283 890 381 956 Pace
403 892 499 957 mihi
521 892 638 958 liceat
623 896 821 978 t,tcaelcs
827 916 878 978 es,
902 893 1029 958 dicere
1051 895 1204 976 restra,

328 978 510 1045 Mortalis
534 945 661 1046 visust
682 945 885 1068 pulchrior
908 1003 993 1047 esse
1015 979 1092 1046 deo.

218 1117 374 1185 huicdcc
391 1119 573 1207 pulchrior3
600 1127 635 1187 at
657 1127 740 1208 erat,
769 1123 865 1189 sicuti
890 1123 987 1189 hodie
1010 1123 1073 1204 est,
1100 1143 1233 1206 parver-

218 1208 356 1288 sissimis
379 1212 490 1277 oculis.
531 1209 615 1286 Quid
637 1211 745 1296 refert,
769 1213 797 1276 si
819 1212 882 1278 hoc
903 1212 1012 1296 ipsum
1035 1210 1160 1274 salsum
1179 1210 1232 1274 illi

218 1298 251 1360 et
273 1302 445 1364 venustum
467 1298 660 1365 videbatur?
696 1299 805 1366 Redeo
828 1301 870 1365 ad
892 1300 978 1364 deos.
1245 1327 1267 1365 a

283 1385 421 1472 Ecquos‚
440 1388 630 1453 sinentem
645 1389 825 1473 strabones,
844 1392 879 1453 at
891 1387 1041 1474 paetulos
1055 1408 1126 1452 esse
1142 1388 1231 1453 arbi·

217 1477 365 1543 tramur?
388 1499 506 1562 ecquos
528 1499 667 1542 naevum
684 1476 828 1542 habere?
852 1498 969 1560 ecquos
988 1475 1077 1559 siloa,
1099 1475 1230 1561 flaccos,

217 1564 399 1650 frontones,
430 1566 610 1650 capitones,
637 1587 720 1649 quae
748 1565 880 1630 suntin
902 1563 1019 1630 nobis?
1052 1585 1094 1628 an
1117 1565 1231 1629 omnia

219 1655 389 1719 emendata
417 1653 453 1719 in
479 1653 569 1718 illis?
614 1652 720 1718 Detur
746 1653 779 1718 id
801 1653 909 1737 vobis3
936 1675 1015 1717 num
1038 1651 1137 1717 etiarn
1161 1675 1231 1717 una

217 1746 269 1806 est
296 1743 440 1806 omniurn
466 1742 588 1808 facies?
618 1764 696 1806 nam
723 1742 752 1806 si
778 1743 901 1827 plures,
934 1740 1033 1806 aliam
1061 1761 1131 1805 essa
1160 1742 1229 1806 alia
1243 1767 1264 1807 ιι

217 1830 436 1914 pulchriorem
463 1852 593 1895 necessa
621 1833 679 1894 est.
719 1829 827 1916 Igitur
855 1829 972 1914 aliquis
994 1851 1062 1894 non
1078 1828 1229 1914 pulcher-

218 1919 319 1983 rimus
338 1919 425 1984 deus.
457 1916 493 1983 si
510 1941 575 1984 una
593 1917 737 1982 omnium
755 1918 854 1983 facies
874 1922 932 2002 est,
951 1920 1065 1983 florere
1083 1917 1229 1984 incaelo

218 2006 428 2072 Academiam
454 2028 584 2073 necesse
612 2009 676 2091 est3
702 2006 839 2072 sienim
861 2006 943 2072 nihil
967 2007 1053 2070 inter
1075 2006 1172 2070 deum
1197 2011 1230 2072 et

218 2095 313 2160 deum
336 2095 452 2178 differt,
474 2096 567 2160 nulla
589 2099 640 2159 est
663 2094 748 2180 apud
771 2095 848 2160 deos
871 2095 1025 2180 cognitio,
1046 2094 1140 2159 nulla
1156 2117 1230 2179 per-

166 2198 198 2247 81
218 2183 333 2268 ceptio.
379 2183 475 2267 Quid,
503 2183 532 2248 si
558 2183 670 2268 etiam,
699 2181 819 2265 Vellei,
847 2181 968 2248 falsum
989 2183 1072 2246 illud
1095 2184 1228 2248 omnino
1243 2208 1263 2245 a

218 2275 281 2355 est,
254 2272 434 2336 tnullam
457 2271 556 2336 aliam
578 2272 673 2337 nobis
696 2272 735 2336 de
758 2272 818 2338 dco
842 2272 1063 2358 cogitantibus
1086 2271 1230 2356 speciem

219 2322 282 2427 nisi
312 2359 454 2425 hominis
486 2360 673 2425 occurrere?
709 2363 861 2425 tarnenna
892 2361 957 2425 ista
988 2363 1057 2424 tam
1086 2359 1230 2425 absurda

219 2448 391 2513 defendes?
422 2447 528 2514 Nobis
550 2448 736 2514 fortasse
710 2471 756 2514 src
775 2448 922 2532 occurrit,
945 2451 982 2513 t
1001 2447 1094 2531 drcrs,
1117 2469 1138 2513 a
1155 2470 1230 2533 par

218 2537 267 2601 vis
286 2537 372 2600 enim
390 2534 511 2621 Iovem,
533 2536 699 2621 Iunonem,
721 2536 909 2621 Minervam,
932 2535 1131 2621 Neptunum,
1148 2537 1228 2602 v-ul
1283 2563 1284 2606 ι

219 2647 348 2709 canum,
380 2624 569 2709 Apollinem
605 2626 810 2710 reliquosque
842 2625 919 2690 deos
954 2647 992 2689 ea
1024 2625 1107 2690 facie
1138 2625 1263 2691 nori-a

219 2735 300 2798 mus,
324 2735 388 2798 qua
410 2713 550 2798 pictores
573 2714 766 2798 fictoresque
789 2714 970 2798 voluenmt,
991 2735 1096 2798 neque
1119 2714 1227 2779 solum

217 2765 309 2886 facid,
329 2802 431 2866 sede
432 2802 497 2866 iam
513 2806 638 2886 ornatu,
651 2805 726 2867 aeta
706 2805 768 2886 ate,
781 2802 917 2886 vestit1u3
940 2765 974 2866 at
987 2824 1054 2867 non
1067 2801 1227 2904 Aegyptii

218 2911 277 2956 nec
299 2853 373 2975 tyri
394 2911 454 2956 nec
474 2890 542 2955 fere
565 2894 681 2992 cuncta
702 2890 868 2973 barbaria3
894 2890 1053 2956 firmiores
1078 2890 1166 2955 enim
1184 2890 1228 2955 vi·

219 2979 294 3043 deas
328 2978 413 3064 apud
445 2999 499 3043 cos
532 2978 700 3080 opiniones
727 2999 797 3043 essa
825 2979 863 3043 da
890 2978 1005 3043 bestiis
1033 2977 1227 3062 quibusdam

219 3089 317 3151 quarn
344 3066 431 3151 apud
453 3089 512 3132 nos
537 3067 574 3131 de
598 3065 811 3132 sanctissimis
831 3067 962 3152 templis
986 3070 1019 3132 ct
1042 3066 1226 3134 simulacris
1239 3092 1263 3130 a

166 3154 361 3219 acdeorum.
410 3154 542 3220 Etenim
572 3154 650 3218 fana
681 3155 786 3219 multa
818 3154 960 3240 spoliata
991 3158 1024 3221 et
1048 3154 1228 3222 simulacra

220 3242 352 3308 deorum
376 3243 414 3308 dc
432 3242 513 3308 locis
532 3241 748 3307 sanctissimis
768 3242 879 3308 ablata
898 3244 1042 3309 ridemus
1057 3266 1077 3308 a
1090 3247 1229 3328 nostris3

220 3333 353 3396 atvero
376 3330 537 3396 nefando
562 3329 691 3415 quidem
714 3331 860 3397 auditum
883 3336 933 3396 est
954 3332 1151 3399 crocodilum
1172 3295 1229 3400 aut

219 3417 288 3484 ibin
316 3421 372 3483 aut
357 3418 517 3483 tfaelem
542 3417 702 3486 violatum
729 3420 770 3485 ab
793 3420 966 3506 Aegyptio
1012 3420 1135 3497 Quid
1125 3445 1137 3486 1
1138 3424 1230 3508 gitur

219 3506 353 3572 censes?
398 3506 497 3590 Apim
524 3505 631 3591 illum,
659 3510 751 3572 sanct
753 3531 808 3572 um
835 3509 1073 3594 Aegyptiorum
1099 3510 1262 3600 herema
