<?xml version="1.0" encoding="UTF-8"?>
<!DOCTYPE html PUBLIC "-//W3C//DTD XHTML 1.0 Transitional//EN"
    "http://www.w3.org/TR/xhtml1/DTD/xhtml1-transitional.dtd">
<html xmlns="http://www.w3.org/1999/xhtml" xml:lang="en" lang="en">
 <head>
  <title>
</title>
<meta http-equiv="Content-Type" content="text/html;charset=utf-8" />
  <meta name='ocr-system' content='tesseract 3.04.00' />
  <meta name='ocr-capabilities' content='ocr_page ocr_carea ocr_par ocr_line ocrx_word'/>
</head>
<body>
  <div class='ocr_page' id='page_1' title='image "./scriptaquaemans02mullgoog_0504.png"; bbox 0 0 2590 3880; ppageno 0'>
   <div class='ocr_carea' id='block_1_1' title="bbox 340 214 1105 282">
    <p class='ocr_par' dir='ltr' id='par_1_1' title="bbox 340 214 1105 282">
     <span class='ocr_line' id='line_1_1' title="bbox 340 214 1105 282; baseline 0.001 -12"><span class='ocrx_word' id='word_1_1' title='bbox 340 216 407 273; x_wconf 88' lang='lat' dir='ltr'><strong>LlB.</strong></span> <span class='ocrx_word' id='word_1_2' title='bbox 428 217 475 272; x_wconf 90' lang='lat'><em>111.</em></span> <span class='ocrx_word' id='word_1_3' title='bbox 494 214 569 273; x_wconf 80' lang='lat' dir='ltr'>OAP.</span> <span class='ocrx_word' id='word_1_4' title='bbox 590 221 701 272; x_wconf 75' lang='grc'>17-19.</span> <span class='ocrx_word' id='word_1_5' title='bbox 720 221 735 282; x_wconf 67' lang='lat'>5</span> <span class='ocrx_word' id='word_1_6' title='bbox 753 221 865 272; x_wconf 80' lang='lat'>38-43.</span> <span class='ocrx_word' id='word_1_7' title='bbox 1041 215 1105 278; x_wconf 75' lang='grc'><strong>447</strong></span> 
     </span>
    </p>
   </div>
   <div class='ocr_carea' id='block_1_2' title="bbox 108 359 1109 512">
    <p class='ocr_par' dir='ltr' id='par_1_2' title="bbox 108 359 1109 512">
     <span class='ocr_line' id='line_1_2' title="bbox 108 359 1109 512; baseline -0.002 -86"><span class='ocrx_word' id='word_1_8' title='bbox 108 362 299 446; x_wconf 68' lang='lat' dir='ltr'><strong>docendum</strong></span> <span class='ocrx_word' id='word_1_9' title='bbox 328 381 465 446; x_wconf 85' lang='lat' dir='ltr'><strong>quorum</strong></span> <span class='ocrx_word' id='word_1_10' title='bbox 489 381 647 512; x_wconf 65' lang='lat' dir='ltr'><strong>ponerem</strong></span> <span class='ocrx_word' id='word_1_11' title='bbox 672 359 708 424; x_wconf 90' lang='lat' dir='ltr'><strong>in</strong></span> <span class='ocrx_word' id='word_1_12' title='bbox 734 362 873 444; x_wconf 84' lang='lat' dir='ltr'><strong>utroquo</strong></span> <span class='ocrx_word' id='word_1_13' title='bbox 894 381 1032 446; x_wconf 80' lang='lat' dir='ltr'><strong>magnus</strong></span> <span class='ocrx_word' id='word_1_14' title='bbox 1053 382 1109 424; x_wconf 80' lang='lat' dir='ltr'><strong>no</strong></span> 
     </span>
    </p>
   </div>
   <div class='ocr_carea' id='block_1_3' title="bbox 3 447 1163 1859">
    <p class='ocr_par' dir='ltr' id='par_1_3' title="bbox 3 447 1163 1859">
     <span class='ocr_line' id='line_1_3' title="bbox 109 447 1159 534; baseline -0.004 -18"><span class='ocrx_word' id='word_1_15' title='bbox 109 455 176 516; x_wconf 88' lang='lat' dir='ltr'><strong>ster</strong></span> <span class='ocrx_word' id='word_1_16' title='bbox 202 448 284 516; x_wconf 78' lang='lat' dir='ltr'><strong>Cato</strong></span> <span class='ocrx_word' id='word_1_17' title='bbox 314 454 372 513; x_wconf 86' lang='lat' dir='ltr'><strong>est.</strong></span> <span class='ocrx_word' id='word_1_18' title='bbox 417 447 572 533; x_wconf 82' lang='lat' dir='ltr'><strong>Quoque</strong></span> <span class='ocrx_word' id='word_1_19' title='bbox 599 447 701 512; x_wconf 89' lang='lat' dir='ltr'><strong>addit:</strong></span> <span class='ocrx_word' id='word_1_20' title='bbox 731 468 868 514; x_wconf 80' lang='lat' dir='ltr'><strong>causas</strong></span> <span class='ocrx_word' id='word_1_21' title='bbox 893 448 1028 534; x_wconf 91' lang='lat' dir='ltr'><strong>populi</strong></span> <span class='ocrx_word' id='word_1_22' title='bbox 1055 451 1108 512; x_wconf 88' lang='lat' dir='ltr'><strong>te·</strong></span> <span class='ocrx_word' id='word_1_23' title='bbox 1126 460 1159 512; x_wconf 81' lang='lat'><strong>41</strong></span> 
     </span>
     <span class='ocr_line' id='line_1_4' title="bbox 108 536 1109 622; baseline -0.001 -19"><span class='ocrx_word' id='word_1_24' title='bbox 108 543 212 622; x_wconf 86' lang='lat' dir='ltr'><strong>neto,</strong></span> <span class='ocrx_word' id='word_1_25' title='bbox 241 541 292 602; x_wconf 82' lang='lat' dir='ltr'><strong>e&#39;st</strong></span> <span class='ocrx_word' id='word_1_26' title='bbox 319 537 461 602; x_wconf 87' lang='lat' dir='ltr'><strong>senatori</strong></span> <span class='ocrx_word' id='word_1_27' title='bbox 486 537 703 601; x_wconf 85' lang='lat' dir='ltr'><strong>necessarium</strong></span> <span class='ocrx_word' id='word_1_28' title='bbox 729 557 825 602; x_wconf 86' lang='lat' dir='ltr'><strong>nosse</strong></span> <span class='ocrx_word' id='word_1_29' title='bbox 855 557 924 602; x_wconf 89' lang='lat' dir='ltr'><strong>rem</strong></span> <span class='ocrx_word' id='word_1_30' title='bbox 946 536 1109 622; x_wconf 81' lang='lat' dir='ltr'>publicam</span> 
     </span>
     <span class='ocr_line' id='line_1_5' title="bbox 109 624 1110 728; baseline -0.001 -37"><span class='ocrx_word' id='word_1_31' title='bbox 109 625 218 728; x_wconf 85' lang='lat' dir='ltr'><strong>(idque</strong></span> <span class='ocrx_word' id='word_1_32' title='bbox 244 626 313 690; x_wconf 84' lang='lat' dir='ltr'><strong>late</strong></span> <span class='ocrx_word' id='word_1_33' title='bbox 340 629 415 710; x_wconf 87' lang='lat' dir='ltr'><strong>pate</strong></span> <span class='ocrx_word' id='word_1_34' title='bbox 398 624 548 709; x_wconf 84' lang='lat' dir='ltr'><strong>et:quid</strong></span> <span class='ocrx_word' id='word_1_35' title='bbox 574 624 694 690; x_wconf 84' lang='lat' dir='ltr'><strong>habeat</strong></span> <span class='ocrx_word' id='word_1_36' title='bbox 679 625 876 709; x_wconf 84' lang='lat' dir='ltr'><strong>tmilitum,</strong></span> <span class='ocrx_word' id='word_1_37' title='bbox 903 624 979 709; x_wconf 88' lang='lat' dir='ltr'><strong>quid</strong></span> <span class='ocrx_word' id='word_1_38' title='bbox 1001 625 1110 690; x_wconf 88' lang='lat' dir='ltr'><strong>valeat</strong></span> 
     </span>
     <span class='ocr_line' id='line_1_6' title="bbox 3 711 1110 814; baseline 0.002 -38"><span class='ocrx_word' id='word_1_39' title='bbox 3 735 4 738; x_wconf 43' lang='lat'>¹</span> <span class='ocrx_word' id='word_1_40' title='bbox 81 714 244 798; x_wconf 80' lang='lat' dir='ltr'><strong>sacrario,</strong></span> <span class='ocrx_word' id='word_1_41' title='bbox 267 732 348 798; x_wconf 90' lang='lat' dir='ltr'><strong>quos</strong></span> <span class='ocrx_word' id='word_1_42' title='bbox 371 713 476 779; x_wconf 86' lang='lat' dir='ltr'><strong>socios</strong></span> <span class='ocrx_word' id='word_1_43' title='bbox 498 732 550 778; x_wconf 89' lang='lat' dir='ltr'><strong>res</strong></span> <span class='ocrx_word' id='word_1_44' title='bbox 572 712 703 814; x_wconf 87' lang='lat' dir='ltr'><strong>publica</strong></span> <span class='ocrx_word' id='word_1_45' title='bbox 724 711 854 796; x_wconf 87' lang='lat' dir='ltr'><strong>babeat,</strong></span> <span class='ocrx_word' id='word_1_46' title='bbox 876 734 957 797; x_wconf 84' lang='lat' dir='ltr'><strong>quos</strong></span> <span class='ocrx_word' id='word_1_47' title='bbox 980 713 1110 796; x_wconf 85' lang='lat' dir='ltr'><strong>amicos,</strong></span> 
     </span>
     <span class='ocr_line' id='line_1_7' title="bbox 110 800 1112 895; baseline -0.001 -28"><span class='ocrx_word' id='word_1_48' title='bbox 110 824 191 895; x_wconf 84' lang='lat' dir='ltr'><strong>quos</strong></span> <span class='ocrx_word' id='word_1_49' title='bbox 219 801 458 886; x_wconf 82' lang='lat' dir='ltr'><strong>stipendiarios,</strong></span> <span class='ocrx_word' id='word_1_50' title='bbox 486 822 550 886; x_wconf 82' lang='lat' dir='ltr'><strong>qua</strong></span> <span class='ocrx_word' id='word_1_51' title='bbox 576 801 710 886; x_wconf 85' lang='lat' dir='ltr'><strong>quisque</strong></span> <span class='ocrx_word' id='word_1_52' title='bbox 738 801 781 866; x_wconf 90' lang='lat' dir='ltr'><strong>sit</strong></span> <span class='ocrx_word' id='word_1_53' title='bbox 804 802 890 887; x_wconf 86' lang='lat' dir='ltr'><strong>lege,</strong></span> <span class='ocrx_word' id='word_1_54' title='bbox 917 800 1112 885; x_wconf 84' lang='lat' dir='ltr'><strong>condicione,-</strong></span> 
     </span>
     <span class='ocr_line' id='line_1_8' title="bbox 108 887 1111 975; baseline -0.002 -19"><span class='ocrx_word' id='word_1_55' title='bbox 108 887 266 975; x_wconf 85' lang='lat' dir='ltr'><strong>foedere),</strong></span> <span class='ocrx_word' id='word_1_56' title='bbox 292 893 402 955; x_wconf 84' lang='lat' dir='ltr'><strong>tenere</strong></span> <span class='ocrx_word' id='word_1_57' title='bbox 428 892 562 955; x_wconf 87' lang='lat' dir='ltr'><strong>consuet</strong></span> <span class='ocrx_word' id='word_1_58' title='bbox 547 889 691 954; x_wconf 85' lang='lat' dir='ltr'><strong>tudinem</strong></span> <span class='ocrx_word' id='word_1_59' title='bbox 715 889 916 973; x_wconf 87' lang='lat' dir='ltr'><strong>decernendi,</strong></span> <span class='ocrx_word' id='word_1_60' title='bbox 941 910 1038 955; x_wconf 87' lang='lat' dir='ltr'><strong>nosse</strong></span> <span class='ocrx_word' id='word_1_61' title='bbox 1060 909 1111 954; x_wconf 86' lang='grc' dir='ltr'><strong>ιι·</strong></span> 
     </span>
     <span class='ocr_line' id='line_1_9' title="bbox 110 973 1111 1131; baseline -0.001 -88"><span class='ocrx_word' id='word_1_62' title='bbox 110 979 219 1131; x_wconf 82' lang='lat' dir='ltr'><strong>empla</strong></span> <span class='ocrx_word' id='word_1_63' title='bbox 241 977 408 1043; x_wconf 89' lang='lat' dir='ltr'><strong>maiorum.</strong></span> <span class='ocrx_word' id='word_1_64' title='bbox 448 976 607 1042; x_wconf 89' lang='lat' dir='ltr'><strong>Videtis</strong></span> <span class='ocrx_word' id='word_1_65' title='bbox 596 998 664 1042; x_wconf 91' lang='lat' dir='ltr'><strong>1am</strong></span> <span class='ocrx_word' id='word_1_66' title='bbox 687 997 788 1064; x_wconf 82' lang='lat' dir='ltr'><strong>genus</strong></span> <span class='ocrx_word' id='word_1_67' title='bbox 810 973 872 1044; x_wconf 88' lang='lat' dir='ltr'><strong>hoc</strong></span> <span class='ocrx_word' id='word_1_68' title='bbox 895 997 989 1042; x_wconf 91' lang='lat' dir='ltr'><strong>omne</strong></span> <span class='ocrx_word' id='word_1_69' title='bbox 1012 977 1111 1043; x_wconf 87' lang='lat' dir='ltr'><strong>scicn-</strong></span> 
     </span>
     <span class='ocr_line' id='line_1_10' title="bbox 111 1065 1111 1152; baseline 0 -21"><span class='ocrx_word' id='word_1_70' title='bbox 111 1067 186 1150; x_wconf 87' lang='lat' dir='ltr'><strong>tiae,</strong></span> <span class='ocrx_word' id='word_1_71' title='bbox 209 1065 409 1152; x_wconf 72' lang='lat' dir='ltr'><strong>diligentiae,</strong></span> <span class='ocrx_word' id='word_1_72' title='bbox 432 1066 614 1149; x_wconf 85' lang='lat' dir='ltr'><strong>memoriae,</strong></span> <span class='ocrx_word' id='word_1_73' title='bbox 637 1065 706 1130; x_wconf 88' lang='lat' dir='ltr'><strong>sine</strong></span> <span class='ocrx_word' id='word_1_74' title='bbox 725 1085 792 1152; x_wconf 91' lang='lat' dir='ltr'><strong>quo</strong></span> <span class='ocrx_word' id='word_1_75' title='bbox 814 1069 948 1152; x_wconf 85' lang='lat' dir='ltr'><strong>paratus</strong></span> <span class='ocrx_word' id='word_1_76' title='bbox 971 1087 1041 1130; x_wconf 87' lang='lat' dir='ltr'><strong>esse</strong></span> <span class='ocrx_word' id='word_1_77' title='bbox 1065 1086 1111 1131; x_wconf 88' lang='lat' dir='ltr'><strong>se·</strong></span> 
     </span>
     <span class='ocr_line' id='line_1_11' title="bbox 69 1155 579 1240; baseline 0.008 -26"><span class='ocrx_word' id='word_1_78' title='bbox 69 1159 206 1220; x_wconf 78' lang='lat' dir='ltr'><strong>senator</strong></span> <span class='ocrx_word' id='word_1_79' title='bbox 228 1155 319 1220; x_wconf 91' lang='lat' dir='ltr'><strong>nullo</strong></span> <span class='ocrx_word' id='word_1_80' title='bbox 342 1157 437 1240; x_wconf 86' lang='lat' dir='ltr'><strong>pacto</strong></span> <span class='ocrx_word' id='word_1_81' title='bbox 461 1173 503 1239; x_wconf 87' lang='lat' dir='ltr'><strong>po</strong></span> <span class='ocrx_word' id='word_1_82' title='bbox 504 1156 579 1218; x_wconf 85' lang='lat' dir='ltr'><strong>t.est</strong></span> 
     </span>
     <span class='ocr_line' id='line_1_12' title="bbox 176 1239 1163 1328; baseline 0 -21"><span class='ocrx_word' id='word_1_83' title='bbox 176 1239 336 1328; x_wconf 79' lang='lat' dir='ltr'><strong>Deinceps</strong></span> <span class='ocrx_word' id='word_1_84' title='bbox 358 1246 435 1307; x_wconf 84' lang='lat' dir='ltr'><strong>sunt</strong></span> <span class='ocrx_word' id='word_1_85' title='bbox 457 1265 529 1307; x_wconf 89' lang='lat' dir='ltr'><strong>cum</strong></span> <span class='ocrx_word' id='word_1_86' title='bbox 547 1242 724 1327; x_wconf 83' lang='lat' dir='ltr'><strong>populeae</strong></span> <span class='ocrx_word' id='word_1_87' title='bbox 724 1241 838 1326; x_wconf 87' lang='lat' dir='ltr'><strong>tiones,</strong></span> <span class='ocrx_word' id='word_1_88' title='bbox 860 1243 895 1306; x_wconf 92' lang='lat' dir='ltr'><strong>in</strong></span> <span class='ocrx_word' id='word_1_89' title='bbox 913 1243 1069 1328; x_wconf 88' lang='lat' dir='ltr'><strong>quibusp</strong></span> <span class='ocrx_word' id='word_1_90' title='bbox 1070 1243 1110 1308; x_wconf 89' lang='lat' dir='ltr'><strong>ri</strong></span> <span class='ocrx_word' id='word_1_91' title='bbox 1130 1257 1163 1307; x_wconf 79' lang='lat'><strong>42</strong></span> 
     </span>
     <span class='ocr_line' id='line_1_13' title="bbox 111 1329 1112 1397; baseline 0 -1"><span class='ocrx_word' id='word_1_92' title='bbox 111 1353 200 1396; x_wconf 88' lang='lat' dir='ltr'><strong>mum</strong></span> <span class='ocrx_word' id='word_1_93' title='bbox 232 1335 265 1396; x_wconf 86' lang='lat' dir='ltr'><strong>et</strong></span> <span class='ocrx_word' id='word_1_94' title='bbox 296 1331 485 1396; x_wconf 84' lang='lat' dir='ltr'><strong>maximum:</strong></span> <span class='ocrx_word' id='word_1_95' title='bbox 521 1329 589 1394; x_wconf 90' lang='lat' dir='ltr'><strong>Vis</strong></span> <span class='ocrx_word' id='word_1_96' title='bbox 626 1329 770 1395; x_wconf 82' lang='lat' dir='ltr'><strong>abesto.</strong></span> <span class='ocrx_word' id='word_1_97' title='bbox 819 1329 912 1394; x_wconf 87' lang='lat' dir='ltr'><strong>Nihil</strong></span> <span class='ocrx_word' id='word_1_98' title='bbox 944 1335 994 1396; x_wconf 88' lang='lat' dir='ltr'><strong>est</strong></span> <span class='ocrx_word' id='word_1_99' title='bbox 1026 1332 1112 1397; x_wconf 91' lang='lat' dir='ltr'><strong>enim</strong></span> 
     </span>
     <span class='ocr_line' id='line_1_14' title="bbox 3 1418 1112 1502; baseline 0.001 -18"><span class='ocrx_word' id='word_1_100' title='bbox 3 1459 4 1474; x_wconf 49' lang='grc' dir='ltr'><strong>ι</strong></span> <span class='ocrx_word' id='word_1_101' title='bbox 111 1419 277 1485; x_wconf 76' lang='lat' dir='ltr'><strong>exitiosius</strong></span> <span class='ocrx_word' id='word_1_102' title='bbox 310 1419 497 1484; x_wconf 74' lang='lat' dir='ltr'><strong>ciuitatibus</strong></span> <span class='ocrx_word' id='word_1_103' title='bbox 504 1468 513 1502; x_wconf 91' lang='lat'><strong>,</strong></span> <span class='ocrx_word' id='word_1_104' title='bbox 543 1418 672 1483; x_wconf 89' lang='lat' dir='ltr'><strong>nihilt</strong></span> <span class='ocrx_word' id='word_1_105' title='bbox 657 1421 726 1483; x_wconf 88' lang='lat' dir='ltr'><strong>tam</strong></span> <span class='ocrx_word' id='word_1_106' title='bbox 758 1422 832 1484; x_wconf 88' lang='lat' dir='ltr'><strong>cont</strong></span> <span class='ocrx_word' id='word_1_107' title='bbox 833 1419 955 1484; x_wconf 85' lang='lat' dir='ltr'><strong>rarium</strong></span> <span class='ocrx_word' id='word_1_108' title='bbox 985 1420 1048 1483; x_wconf 83' lang='lat' dir='ltr'><strong>iuri</strong></span> <span class='ocrx_word' id='word_1_109' title='bbox 1075 1442 1112 1485; x_wconf 87' lang='lat' dir='ltr'><strong>ac</strong></span> 
     </span>
     <span class='ocr_line' id='line_1_15' title="bbox 3 1506 1112 1595; baseline -0.001 -22"><span class='ocrx_word' id='word_1_110' title='bbox 3 1523 4 1582; x_wconf 64' lang='grc' dir='ltr'><strong>ι</strong></span> <span class='ocrx_word' id='word_1_111' title='bbox 111 1508 248 1595; x_wconf 86' lang='lat' dir='ltr'><strong>legibus,</strong></span> <span class='ocrx_word' id='word_1_112' title='bbox 270 1506 353 1572; x_wconf 90' lang='lat' dir='ltr'><strong>nibil</strong></span> <span class='ocrx_word' id='word_1_113' title='bbox 376 1507 482 1571; x_wconf 89' lang='lat' dir='ltr'><strong>minus</strong></span> <span class='ocrx_word' id='word_1_114' title='bbox 504 1509 537 1571; x_wconf 89' lang='lat' dir='ltr'><strong>et</strong></span> <span class='ocrx_word' id='word_1_115' title='bbox 555 1507 648 1572; x_wconf 81' lang='lat' dir='ltr'><strong>civile</strong></span> <span class='ocrx_word' id='word_1_116' title='bbox 667 1510 700 1570; x_wconf 88' lang='lat' dir='ltr'><strong>et</strong></span> <span class='ocrx_word' id='word_1_117' title='bbox 717 1507 895 1571; x_wconf 86' lang='lat' dir='ltr'><strong>humanum</strong></span> <span class='ocrx_word' id='word_1_118' title='bbox 913 1529 1010 1592; x_wconf 90' lang='lat' dir='ltr'><strong>quam</strong></span> <span class='ocrx_word' id='word_1_119' title='bbox 1028 1529 1112 1572; x_wconf 91' lang='lat' dir='ltr'><strong>com-</strong></span> 
     </span>
     <span class='ocr_line' id='line_1_16' title="bbox 72 1592 1112 1682; baseline 0.003 -26"><span class='ocrx_word' id='word_1_120' title='bbox 72 1596 219 1682; x_wconf 76' lang='lat' dir='ltr'><strong>reposita</strong></span> <span class='ocrx_word' id='word_1_121' title='bbox 242 1599 276 1660; x_wconf 91' lang='grc' dir='ltr'><strong>ιι</strong></span> <span class='ocrx_word' id='word_1_122' title='bbox 297 1592 475 1661; x_wconf 84' lang='lat' dir='ltr'><strong>constituto</strong></span> <span class='ocrx_word' id='word_1_123' title='bbox 497 1615 532 1660; x_wconf 89' lang='lat' dir='ltr'><strong>re</strong></span> <span class='ocrx_word' id='word_1_124' title='bbox 553 1595 684 1680; x_wconf 87' lang='lat' dir='ltr'><strong>publica</strong></span> <span class='ocrx_word' id='word_1_125' title='bbox 702 1594 871 1679; x_wconf 87' lang='lat' dir='ltr'><strong>quicquam</strong></span> <span class='ocrx_word' id='word_1_126' title='bbox 890 1596 945 1681; x_wconf 86' lang='lat' dir='ltr'><strong>agi</strong></span> <span class='ocrx_word' id='word_1_127' title='bbox 961 1616 1020 1679; x_wconf 87' lang='lat' dir='ltr'><strong>per</strong></span> <span class='ocrx_word' id='word_1_128' title='bbox 1037 1595 1112 1660; x_wconf 82' lang='lat' dir='ltr'><strong>vim</strong></span> 
     </span>
     <span class='ocr_line' id='line_1_17' title="bbox 110 1682 1112 1768; baseline -0.001 -19"><span class='ocrx_word' id='word_1_129' title='bbox 110 1684 228 1750; x_wconf 88' lang='lat' dir='ltr'><strong>Parere</strong></span> <span class='ocrx_word' id='word_1_130' title='bbox 255 1684 346 1749; x_wconf 85' lang='lat' dir='ltr'><strong>iubet</strong></span> <span class='ocrx_word' id='word_1_131' title='bbox 331 1683 590 1766; x_wconf 85' lang='lat' dir='ltr'><strong>tinteroessori,</strong></span> <span class='ocrx_word' id='word_1_132' title='bbox 618 1705 681 1768; x_wconf 90' lang='lat' dir='ltr'><strong>quo</strong></span> <span class='ocrx_word' id='word_1_133' title='bbox 703 1682 786 1747; x_wconf 92' lang='lat' dir='ltr'><strong>nihil</strong></span> <span class='ocrx_word' id='word_1_134' title='bbox 808 1703 903 1768; x_wconf 85' lang='lat' dir='ltr'><strong>praes</strong></span> <span class='ocrx_word' id='word_1_135' title='bbox 904 1683 1075 1766; x_wconf 70' lang='lat' dir='ltr'><strong>tentius,</strong></span> <span class='ocrx_word' id='word_1_136' title='bbox 1066 1706 1112 1748; x_wconf 91' lang='grc' dir='ltr'>ιιι·</span> 
     </span>
     <span class='ocr_line' id='line_1_18' title="bbox 3 1771 1112 1859; baseline -0.002 -21"><span class='ocrx_word' id='word_1_137' title='bbox 3 1793 4 1818; x_wconf 71' lang='lat'><em>³</em></span> <span class='ocrx_word' id='word_1_138' title='bbox 111 1771 215 1859; x_wconf 90' lang='lat' dir='ltr'><strong>pediri</strong></span> <span class='ocrx_word' id='word_1_139' title='bbox 242 1772 328 1837; x_wconf 87' lang='lat' dir='ltr'><strong>enim</strong></span> <span class='ocrx_word' id='word_1_140' title='bbox 355 1773 474 1838; x_wconf 84' lang='lat' dir='ltr'><strong>bonam</strong></span> <span class='ocrx_word' id='word_1_141' title='bbox 496 1793 565 1836; x_wconf 91' lang='lat' dir='ltr'><strong>rem</strong></span> <span class='ocrx_word' id='word_1_142' title='bbox 587 1771 702 1836; x_wconf 88' lang='lat' dir='ltr'><strong>melius</strong></span> <span class='ocrx_word' id='word_1_143' title='bbox 726 1793 823 1856; x_wconf 88' lang='lat' dir='ltr'><strong>quam</strong></span> <span class='ocrx_word' id='word_1_144' title='bbox 846 1771 975 1836; x_wconf 89' lang='lat' dir='ltr'><strong>concedi</strong></span> <span class='ocrx_word' id='word_1_145' title='bbox 998 1772 1112 1836; x_wconf 88' lang='lat' dir='ltr'><strong>malae.</strong></span> 
     </span>
    </p>
   </div>
   <div class='ocr_carea' id='block_1_4' title="bbox 178 1858 1292 1943">
    <p class='ocr_par' dir='ltr' id='par_1_4' title="bbox 178 1858 1292 1943">
     <span class='ocr_line' id='line_1_19' title="bbox 178 1858 1292 1943; baseline 0.003 -19"><span class='ocrx_word' id='word_1_146' title='bbox 178 1858 270 1936; x_wconf 82' lang='lat' dir='ltr'><strong>Quod</strong></span> <span class='ocrx_word' id='word_1_147' title='bbox 287 1882 363 1925; x_wconf 84' lang='lat' dir='ltr'><strong>vero</strong></span> <span class='ocrx_word' id='word_1_148' title='bbox 383 1860 529 1926; x_wconf 89' lang='lat' dir='ltr'><strong>actoris</strong></span> <span class='ocrx_word' id='word_1_149' title='bbox 546 1859 643 1925; x_wconf 89' lang='lat' dir='ltr'><strong>iubeo</strong></span> <span class='ocrx_word' id='word_1_150' title='bbox 660 1881 730 1924; x_wconf 89' lang='lat' dir='ltr'><strong>csse</strong></span> <span class='ocrx_word' id='word_1_151' title='bbox 748 1858 931 1943; x_wconf 87' lang='lat' dir='ltr'><strong>fraudem,-</strong></span> <span class='ocrx_word' id='word_1_152' title='bbox 953 1859 1020 1923; x_wconf 88' lang='lat' dir='ltr'><strong>idt</strong></span> <span class='ocrx_word' id='word_1_153' title='bbox 1005 1862 1112 1925; x_wconf 88' lang='lat' dir='ltr'><strong>totum</strong></span> <span class='ocrx_word' id='word_1_154' title='bbox 1124 1862 1166 1926; x_wconf 85' lang='lat'><strong>19</strong></span> <span class='ocrx_word' id='word_1_155' title='bbox 1291 1889 1292 1894; x_wconf 46' lang='lat'>¹</span> 
     </span>
    </p>
   </div>
   <div class='ocr_carea' id='block_1_5' title="bbox 3 1946 1165 3623">
    <p class='ocr_par' dir='ltr' id='par_1_5' title="bbox 3 1946 1165 2916">
     <span class='ocr_line' id='line_1_20' title="bbox 112 1946 1112 2034; baseline -0.002 -20"><span class='ocrx_word' id='word_1_156' title='bbox 112 1949 178 2014; x_wconf 81' lang='lat' dir='ltr'><strong>dixi</strong></span> <span class='ocrx_word' id='word_1_157' title='bbox 200 1969 239 2014; x_wconf 88' lang='grc' dir='ltr'><strong>ιι</strong></span> <span class='ocrx_word' id='word_1_158' title='bbox 258 1946 376 2034; x_wconf 80' lang='lat' dir='ltr'><strong>Crassi,</strong></span> <span class='ocrx_word' id='word_1_159' title='bbox 399 1948 525 2034; x_wconf 87' lang='lat' dir='ltr'><strong>sapient</strong></span> <span class='ocrx_word' id='word_1_160' title='bbox 525 1947 629 2012; x_wconf 81' lang='lat' dir='ltr'><strong>issimi</strong></span> <span class='ocrx_word' id='word_1_161' title='bbox 621 1948 798 2031; x_wconf 87' lang='lat' dir='ltr'><strong>hominis,</strong></span> <span class='ocrx_word' id='word_1_162' title='bbox 821 1948 994 2031; x_wconf 78' lang='lat' dir='ltr'><strong>sententia3</strong></span> <span class='ocrx_word' id='word_1_163' title='bbox 1016 1970 1112 2034; x_wconf 90' lang='lat' dir='ltr'><strong>quem</strong></span> 
     </span>
     <span class='ocr_line' id='line_1_21' title="bbox 72 2034 1113 2122; baseline 0.005 -26"><span class='ocrx_word' id='word_1_164' title='bbox 72 2057 99 2096; x_wconf 83' lang='grc' dir='ltr'><strong>ιι</strong></span> <span class='ocrx_word' id='word_1_165' title='bbox 112 2041 162 2102; x_wconf 86' lang='lat' dir='ltr'><strong>est</strong></span> <span class='ocrx_word' id='word_1_166' title='bbox 185 2041 315 2102; x_wconf 85' lang='lat' dir='ltr'><strong>senatus</strong></span> <span class='ocrx_word' id='word_1_167' title='bbox 339 2042 476 2121; x_wconf 87' lang='lat' dir='ltr'><strong>secutus,</strong></span> <span class='ocrx_word' id='word_1_168' title='bbox 498 2059 596 2122; x_wconf 90' lang='lat' dir='ltr'><strong>quom</strong></span> <span class='ocrx_word' id='word_1_169' title='bbox 619 2036 811 2102; x_wconf 85' lang='lat' dir='ltr'><strong>decrevisset</strong></span> <span class='ocrx_word' id='word_1_170' title='bbox 830 2034 863 2102; x_wconf 88' lang='lat' dir='ltr'><strong>O.</strong></span> <span class='ocrx_word' id='word_1_171' title='bbox 883 2034 1017 2102; x_wconf 78' lang='lat' dir='ltr'><strong>Claudio</strong></span> <span class='ocrx_word' id='word_1_172' title='bbox 1041 2058 1113 2102; x_wconf 92' lang='lat' dir='ltr'><strong>oon-</strong></span> 
     </span>
     <span class='ocr_line' id='line_1_22' title="bbox 3 2086 1112 2208; baseline 0 -18"><span class='ocrx_word' id='word_1_173' title='bbox 3 2127 4 2198; x_wconf 78' lang='lat'><em>]</em></span> <span class='ocrx_word' id='word_1_174' title='bbox 113 2125 182 2190; x_wconf 85' lang='lat' dir='ltr'><strong>sule</strong></span> <span class='ocrx_word' id='word_1_175' title='bbox 214 2124 253 2189; x_wconf 92' lang='lat' dir='ltr'><strong>de</strong></span> <span class='ocrx_word' id='word_1_176' title='bbox 280 2123 337 2190; x_wconf 81' lang='lat' dir='ltr'><strong>On.</strong></span> <span class='ocrx_word' id='word_1_177' title='bbox 365 2086 523 2191; x_wconf 74' lang='lat' dir='ltr'><strong>Oarbobis</strong></span> <span class='ocrx_word' id='word_1_178' title='bbox 554 2125 711 2190; x_wconf 89' lang='lat' dir='ltr'><strong>seditione</strong></span> <span class='ocrx_word' id='word_1_179' title='bbox 741 2123 899 2190; x_wconf 84' lang='lat' dir='ltr'><strong>referente</strong></span> <span class='ocrx_word' id='word_1_180' title='bbox 930 2125 1033 2190; x_wconf 86' lang='lat' dir='ltr'><strong>invito</strong></span> <span class='ocrx_word' id='word_1_181' title='bbox 1065 2146 1112 2208; x_wconf 88' lang='lat' dir='ltr'><strong>eo,</strong></span> 
     </span>
     <span class='ocr_line' id='line_1_23' title="bbox 3 2209 1113 2314; baseline -0.001 -37"><span class='ocrx_word' id='word_1_182' title='bbox 3 2209 5 2246; x_wconf 62' lang='lat'>³</span> <span class='ocrx_word' id='word_1_183' title='bbox 113 2213 169 2314; x_wconf 83' lang='lat' dir='ltr'><strong>qui</strong></span> <span class='ocrx_word' id='word_1_184' title='bbox 200 2234 271 2277; x_wconf 87' lang='grc' dir='ltr'>ιιιιιι</span> <span class='ocrx_word' id='word_1_185' title='bbox 298 2213 419 2313; x_wconf 92' lang='lat' dir='ltr'><strong>populo</strong></span> <span class='ocrx_word' id='word_1_186' title='bbox 447 2216 571 2298; x_wconf 79' lang='lat' dir='ltr'><strong>ageret,</strong></span> <span class='ocrx_word' id='word_1_187' title='bbox 603 2213 793 2278; x_wconf 80' lang='lat' dir='ltr'><strong>seditionem</strong></span> <span class='ocrx_word' id='word_1_188' title='bbox 820 2234 886 2278; x_wconf 89' lang='lat' dir='ltr'><strong>non</strong></span> <span class='ocrx_word' id='word_1_189' title='bbox 912 2233 1007 2298; x_wconf 89' lang='lat' dir='ltr'><strong>posse</strong></span> <span class='ocrx_word' id='word_1_190' title='bbox 1033 2213 1113 2296; x_wconf 86' lang='lat' dir='ltr'><strong>lieri,</strong></span> 
     </span>
     <span class='ocr_line' id='line_1_24' title="bbox 3 2263 1113 2387; baseline 0.004 -27"><span class='ocrx_word' id='word_1_191' title='bbox 3 2355 4 2360; x_wconf 73' lang='grc'>,</span> <span class='ocrx_word' id='word_1_192' title='bbox 113 2301 230 2387; x_wconf 89' lang='lat' dir='ltr'><strong>quippe</strong></span> <span class='ocrx_word' id='word_1_193' title='bbox 258 2301 309 2365; x_wconf 92' lang='lat' dir='ltr'><strong>cui</strong></span> <span class='ocrx_word' id='word_1_194' title='bbox 331 2301 429 2366; x_wconf 86' lang='lat' dir='ltr'><strong>liceat</strong></span> <span class='ocrx_word' id='word_1_195' title='bbox 451 2263 634 2385; x_wconf 80' lang='lat' dir='ltr'><strong>concilium,</strong></span> <span class='ocrx_word' id='word_1_196' title='bbox 663 2301 817 2366; x_wconf 88' lang='lat' dir='ltr'><strong>simult</strong></span> <span class='ocrx_word' id='word_1_197' title='bbox 783 2305 879 2387; x_wconf 88' lang='lat' dir='ltr'><strong>atque</strong></span> <span class='ocrx_word' id='word_1_198' title='bbox 901 2301 1113 2366; x_wconf 88' lang='lat' dir='ltr'><strong>intercessum</strong></span> 
     </span>
     <span class='ocr_line' id='line_1_25' title="bbox 113 2387 1113 2474; baseline -0.001 -19"><span class='ocrx_word' id='word_1_199' title='bbox 113 2388 301 2473; x_wconf 88' lang='lat' dir='ltr'><strong>turbarique</strong></span> <span class='ocrx_word' id='word_1_200' title='bbox 328 2392 477 2474; x_wconf 86' lang='lat' dir='ltr'><strong>coeptum</strong></span> <span class='ocrx_word' id='word_1_201' title='bbox 499 2389 555 2474; x_wconf 86' lang='lat' dir='ltr'><strong>sit,</strong></span> <span class='ocrx_word' id='word_1_202' title='bbox 584 2387 753 2454; x_wconf 87' lang='lat' dir='ltr'><strong>dimittere.</strong></span> <span class='ocrx_word' id='word_1_203' title='bbox 799 2387 890 2463; x_wconf 81' lang='lat' dir='ltr'><strong>Quod</strong></span> <span class='ocrx_word' id='word_1_204' title='bbox 913 2389 968 2472; x_wconf 89' lang='lat' dir='ltr'><strong>qui</strong></span> <span class='ocrx_word' id='word_1_205' title='bbox 989 2408 1113 2474; x_wconf 89' lang='lat' dir='ltr'><strong>permo-</strong></span> 
     </span>
     <span class='ocr_line' id='line_1_26' title="bbox 74 2475 1114 2562; baseline -0.004 -18"><span class='ocrx_word' id='word_1_206' title='bbox 74 2495 99 2535; x_wconf 78' lang='lat'><strong>25</strong></span> <span class='ocrx_word' id='word_1_207' title='bbox 113 2477 182 2561; x_wconf 85' lang='grc' dir='ltr'>ιιι,</span> <span class='ocrx_word' id='word_1_208' title='bbox 208 2497 306 2562; x_wconf 91' lang='lat' dir='ltr'><strong>quom</strong></span> <span class='ocrx_word' id='word_1_209' title='bbox 329 2476 384 2562; x_wconf 78' lang='lat' dir='ltr'><strong>agi</strong></span> <span class='ocrx_word' id='word_1_210' title='bbox 405 2476 489 2541; x_wconf 89' lang='lat' dir='ltr'><strong>nihil</strong></span> <span class='ocrx_word' id='word_1_211' title='bbox 510 2480 632 2561; x_wconf 85' lang='lat' dir='ltr'><strong>potest,</strong></span> <span class='ocrx_word' id='word_1_212' title='bbox 605 2475 725 2542; x_wconf 86' lang='grc' dir='ltr'>ιιιιιι</span> <span class='ocrx_word' id='word_1_213' title='bbox 748 2476 888 2561; x_wconf 83' lang='lat' dir='ltr'><strong>quaerit,</strong></span> <span class='ocrx_word' id='word_1_214' title='bbox 911 2477 999 2541; x_wconf 90' lang='lat' dir='ltr'><strong>cuius</strong></span> <span class='ocrx_word' id='word_1_215' title='bbox 1022 2477 1114 2561; x_wconf 90' lang='lat' dir='ltr'><strong>inpu-</strong></span> 
     </span>
     <span class='ocr_line' id='line_1_27' title="bbox 111 2563 1113 2667; baseline -0.002 -35"><span class='ocrx_word' id='word_1_216' title='bbox 111 2567 250 2632; x_wconf 86' lang='lat' dir='ltr'><strong>nitatem</strong></span> <span class='ocrx_word' id='word_1_217' title='bbox 277 2565 401 2630; x_wconf 83' lang='lat' dir='ltr'><strong>amittit</strong></span> <span class='ocrx_word' id='word_1_218' title='bbox 422 2564 484 2630; x_wconf 90' lang='lat' dir='ltr'><strong>bae</strong></span> <span class='ocrx_word' id='word_1_219' title='bbox 505 2565 586 2650; x_wconf 81' lang='lat' dir='ltr'><strong>lege</strong></span> <span class='ocrx_word' id='word_1_220' title='bbox 630 2563 781 2667; x_wconf 80' lang='lat' dir='ltr'><strong>Sequitur</strong></span> <span class='ocrx_word' id='word_1_221' title='bbox 803 2563 896 2629; x_wconf 89' lang='lat' dir='ltr'><strong>illud:</strong></span> <span class='ocrx_word' id='word_1_222' title='bbox 923 2563 1113 2630; x_wconf 85' lang='lat' dir='ltr'><strong>int-eroes</strong></span> 
     </span>
     <span class='ocr_line' id='line_1_28' title="bbox 113 2652 1165 2728; baseline -0.005 -8"><span class='ocrx_word' id='word_1_223' title='bbox 113 2675 176 2720; x_wconf 89' lang='lat' dir='ltr'><strong>sor</strong></span> <span class='ocrx_word' id='word_1_224' title='bbox 207 2652 264 2719; x_wconf 88' lang='grc' dir='ltr'><strong>ιιι</strong></span> <span class='ocrx_word' id='word_1_225' title='bbox 294 2653 416 2718; x_wconf 88' lang='lat' dir='ltr'><strong>malae</strong></span> <span class='ocrx_word' id='word_1_226' title='bbox 449 2653 638 2718; x_wconf 86' lang='lat' dir='ltr'><strong>salutaris</strong></span> <span class='ocrx_word' id='word_1_227' title='bbox 670 2653 766 2719; x_wconf 88' lang='lat' dir='ltr'><strong>civis</strong></span> <span class='ocrx_word' id='word_1_228' title='bbox 799 2655 881 2718; x_wconf 87' lang='lat' dir='ltr'><strong>esto</strong></span> <span class='ocrx_word' id='word_1_229' title='bbox 884 2652 1019 2728; x_wconf 80' lang='lat' dir='ltr'><strong>.Quis</strong></span> <span class='ocrx_word' id='word_1_230' title='bbox 1047 2667 1165 2718; x_wconf 68' lang='lat' dir='ltr'><strong>nones</strong></span> 
     </span>
     <span class='ocr_line' id='line_1_29' title="bbox 113 2703 1112 2827; baseline 0 -21"><span class='ocrx_word' id='word_1_231' title='bbox 113 2742 258 2806; x_wconf 88' lang='lat' dir='ltr'><strong>studiose</strong></span> <span class='ocrx_word' id='word_1_232' title='bbox 287 2741 335 2806; x_wconf 90' lang='lat' dir='ltr'><strong>rei</strong></span> <span class='ocrx_word' id='word_1_233' title='bbox 365 2741 513 2827; x_wconf 87' lang='lat' dir='ltr'><strong>publicae</strong></span> <span class='ocrx_word' id='word_1_234' title='bbox 546 2741 731 2807; x_wconf 80' lang='lat' dir='ltr'><strong>subvenerit</strong></span> <span class='ocrx_word' id='word_1_235' title='bbox 761 2741 864 2807; x_wconf 83' lang='lat' dir='ltr'><strong>beot</strong></span> <span class='ocrx_word' id='word_1_236' title='bbox 849 2703 919 2807; x_wconf 80' lang='lat' dir='ltr'><strong>tuin</strong></span> <span class='ocrx_word' id='word_1_237' title='bbox 944 2742 1112 2827; x_wconf 87' lang='lat' dir='ltr'><strong>praeclara</strong></span> 
     </span>
     <span class='ocr_line' id='line_1_30' title="bbox 113 2829 491 2916; baseline 0 -21"><span class='ocrx_word' id='word_1_238' title='bbox 113 2831 196 2916; x_wconf 84' lang='lat' dir='ltr'><strong>legis</strong></span> <span class='ocrx_word' id='word_1_239' title='bbox 218 2851 296 2894; x_wconf 85' lang='lat' dir='ltr'><strong>voce</strong></span> <span class='ocrx_word' id='word_1_240' title='bbox 318 2829 491 2895; x_wconf 80' lang='lat' dir='ltr'><strong>laudatus?</strong></span> 
     </span>
    </p>

    <p class='ocr_par' dir='ltr' id='par_1_6' title="bbox 72 2915 1113 3356">
     <span class='ocr_line' id='line_1_31' title="bbox 72 2915 1113 3069; baseline 0.001 -87"><span class='ocrx_word' id='word_1_241' title='bbox 72 2935 100 2975; x_wconf 70' lang='grc' dir='ltr'><strong>ιο</strong></span> <span class='ocrx_word' id='word_1_242' title='bbox 180 2915 261 2982; x_wconf 81' lang='lat' dir='ltr'><strong>Sunt</strong></span> <span class='ocrx_word' id='word_1_243' title='bbox 284 2917 396 2982; x_wconf 87' lang='lat' dir='ltr'><strong>deinde</strong></span> <span class='ocrx_word' id='word_1_244' title='bbox 396 2919 527 3069; x_wconf 69' lang='lat' dir='ltr'><strong>tposita</strong></span> <span class='ocrx_word' id='word_1_245' title='bbox 550 2918 707 3005; x_wconf 89' lang='lat' dir='ltr'><strong>deinceps,</strong></span> <span class='ocrx_word' id='word_1_246' title='bbox 727 2940 811 3002; x_wconf 86' lang='lat' dir='ltr'><strong>quae</strong></span> <span class='ocrx_word' id='word_1_247' title='bbox 833 2917 990 2982; x_wconf 88' lang='lat' dir='ltr'><strong>babemus</strong></span> <span class='ocrx_word' id='word_1_248' title='bbox 1014 2918 1113 2983; x_wconf 91' lang='lat' dir='ltr'><strong>etiam</strong></span> 
     </span>
     <span class='ocr_line' id='line_1_32' title="bbox 112 3005 1112 3092; baseline 0 -22"><span class='ocrx_word' id='word_1_249' title='bbox 112 3007 147 3070; x_wconf 94' lang='lat' dir='ltr'><strong>in</strong></span> <span class='ocrx_word' id='word_1_250' title='bbox 176 3005 353 3092; x_wconf 88' lang='lat' dir='ltr'><strong>publicis&#39;</strong></span> <span class='ocrx_word' id='word_1_251' title='bbox 344 3008 438 3070; x_wconf 87' lang='lat' dir='ltr'><strong>mst1t</strong></span> <span class='ocrx_word' id='word_1_252' title='bbox 439 3006 504 3072; x_wconf 88' lang='lat' dir='ltr'><strong>utis</strong></span> <span class='ocrx_word' id='word_1_253' title='bbox 531 3010 628 3092; x_wconf 80' lang='lat' dir='ltr'><strong>atque</strong></span> <span class='ocrx_word' id='word_1_254' title='bbox 655 3007 794 3090; x_wconf 83' lang='lat' dir='ltr'><strong>legibus:</strong></span> <span class='ocrx_word' id='word_1_255' title='bbox 827 3005 1014 3091; x_wconf 86' lang='lat' dir='ltr'><strong>Auspicia</strong></span> <span class='ocrx_word' id='word_1_256' title='bbox 1036 3027 1112 3070; x_wconf 88' lang='lat' dir='ltr'><strong>ser·</strong></span> 
     </span>
     <span class='ocr_line' id='line_1_33' title="bbox 113 3093 1113 3180; baseline -0.001 -20"><span class='ocrx_word' id='word_1_257' title='bbox 113 3098 243 3178; x_wconf 83' lang='lat' dir='ltr'><strong>vento,</strong></span> <span class='ocrx_word' id='word_1_258' title='bbox 275 3094 413 3180; x_wconf 86' lang='lat' dir='ltr'><strong>auguri</strong></span> <span class='ocrx_word' id='word_1_259' title='bbox 439 3099 609 3180; x_wconf 86' lang='lat' dir='ltr'><strong>parente.</strong></span> <span class='ocrx_word' id='word_1_260' title='bbox 653 3094 715 3159; x_wconf 83' lang='lat' dir='ltr'><strong>Est</strong></span> <span class='ocrx_word' id='word_1_261' title='bbox 701 3098 849 3159; x_wconf 88' lang='lat' dir='ltr'><strong>tautem</strong></span> <span class='ocrx_word' id='word_1_262' title='bbox 876 3093 954 3159; x_wconf 91' lang='lat' dir='ltr'><strong>boni</strong></span> <span class='ocrx_word' id='word_1_263' title='bbox 982 3094 1113 3180; x_wconf 83' lang='lat' dir='ltr'><strong>auguris</strong></span> 
     </span>
     <span class='ocr_line' id='line_1_34' title="bbox 114 3182 1113 3268; baseline 0.001 -21"><span class='ocrx_word' id='word_1_264' title='bbox 114 3182 298 3247; x_wconf 87' lang='lat' dir='ltr'><strong>meminisse</strong></span> <span class='ocrx_word' id='word_1_265' title='bbox 318 3203 350 3248; x_wconf 89' lang='lat' dir='ltr'><strong>se</strong></span> <span class='ocrx_word' id='word_1_266' title='bbox 367 3183 515 3249; x_wconf 83' lang='lat' dir='ltr'><strong>maximis</strong></span> <span class='ocrx_word' id='word_1_267' title='bbox 534 3183 581 3248; x_wconf 89' lang='lat' dir='ltr'><strong>rei</strong></span> <span class='ocrx_word' id='word_1_268' title='bbox 598 3183 747 3268; x_wconf 88' lang='lat' dir='ltr'><strong>publicae</strong></span> <span class='ocrx_word' id='word_1_269' title='bbox 764 3182 964 3267; x_wconf 87' lang='lat' dir='ltr'><strong>temporibus</strong></span> <span class='ocrx_word' id='word_1_270' title='bbox 982 3186 1113 3267; x_wconf 89' lang='lat' dir='ltr'><strong>praesto</strong></span> 
     </span>
     <span class='ocr_line' id='line_1_35' title="bbox 114 3270 1113 3356; baseline -0.001 -20"><span class='ocrx_word' id='word_1_271' title='bbox 114 3292 184 3336; x_wconf 90' lang='lat' dir='ltr'><strong>esse</strong></span> <span class='ocrx_word' id='word_1_272' title='bbox 211 3270 339 3354; x_wconf 89' lang='lat' dir='ltr'><strong>debere,</strong></span> <span class='ocrx_word' id='word_1_273' title='bbox 365 3270 499 3356; x_wconf 84' lang='lat' dir='ltr'><strong>Iovique</strong></span> <span class='ocrx_word' id='word_1_274' title='bbox 526 3271 650 3356; x_wconf 90' lang='lat' dir='ltr'><strong>optimo</strong></span> <span class='ocrx_word' id='word_1_275' title='bbox 674 3271 815 3336; x_wconf 85' lang='lat' dir='ltr'><strong>maximo</strong></span> <span class='ocrx_word' id='word_1_276' title='bbox 839 3292 873 3336; x_wconf 92' lang='lat' dir='ltr'><strong>se</strong></span> <span class='ocrx_word' id='word_1_277' title='bbox 896 3271 1113 3336; x_wconf 86' lang='lat' dir='ltr'><strong>consiliarium</strong></span> 
     </span>
    </p>

    <p class='ocr_par' dir='ltr' id='par_1_7' title="bbox 73 3358 1115 3623">
     <span class='ocr_line' id='line_1_36' title="bbox 73 3358 1115 3445; baseline -0.002 -21"><span class='ocrx_word' id='word_1_278' title='bbox 73 3375 100 3416; x_wconf 71' lang='lat' dir='ltr'><strong>so</strong></span> <span class='ocrx_word' id='word_1_279' title='bbox 114 3363 210 3445; x_wconf 88' lang='lat' dir='ltr'><strong>atque</strong></span> <span class='ocrx_word' id='word_1_280' title='bbox 233 3359 460 3424; x_wconf 86' lang='lat' dir='ltr'><strong>administrum</strong></span> <span class='ocrx_word' id='word_1_281' title='bbox 482 3359 602 3443; x_wconf 88' lang='lat' dir='ltr'><strong>datum,</strong></span> <span class='ocrx_word' id='word_1_282' title='bbox 624 3362 661 3424; x_wconf 89' lang='grc' dir='ltr'><strong>ιιι</strong></span> <span class='ocrx_word' id='word_1_283' title='bbox 683 3359 747 3424; x_wconf 87' lang='lat' dir='ltr'><strong>sibi</strong></span> <span class='ocrx_word' id='word_1_284' title='bbox 769 3381 833 3444; x_wconf 88' lang='lat' dir='ltr'><strong>eos,</strong></span> <span class='ocrx_word' id='word_1_285' title='bbox 856 3381 936 3444; x_wconf 87' lang='lat' dir='ltr'><strong>quos</strong></span> <span class='ocrx_word' id='word_1_286' title='bbox 956 3358 991 3422; x_wconf 91' lang='lat' dir='ltr'><strong>in</strong></span> <span class='ocrx_word' id='word_1_287' title='bbox 1009 3359 1115 3443; x_wconf 90' lang='lat' dir='ltr'><strong>auspi-</strong></span> 
     </span>
     <span class='ocr_line' id='line_1_37' title="bbox 113 3447 1114 3533; baseline -0.001 -20"><span class='ocrx_word' id='word_1_288' title='bbox 113 3447 162 3513; x_wconf 90' lang='lat' dir='ltr'><strong>cio</strong></span> <span class='ocrx_word' id='word_1_289' title='bbox 193 3469 263 3512; x_wconf 86' lang='lat' dir='ltr'><strong>esse</strong></span> <span class='ocrx_word' id='word_1_290' title='bbox 292 3447 436 3531; x_wconf 83' lang='lat' dir='ltr'><strong>iusserit,</strong></span> <span class='ocrx_word' id='word_1_291' title='bbox 467 3448 611 3532; x_wconf 89' lang='lat' dir='ltr'><strong>caelique</strong></span> <span class='ocrx_word' id='word_1_292' title='bbox 639 3452 749 3533; x_wconf 85' lang='lat' dir='ltr'><strong>partes</strong></span> <span class='ocrx_word' id='word_1_293' title='bbox 777 3448 840 3514; x_wconf 89' lang='lat' dir='ltr'><strong>sibi</strong></span> <span class='ocrx_word' id='word_1_294' title='bbox 867 3447 1015 3514; x_wconf 88' lang='lat' dir='ltr'><strong>definitas</strong></span> <span class='ocrx_word' id='word_1_295' title='bbox 1043 3469 1114 3512; x_wconf 89' lang='lat' dir='ltr'><strong>esse</strong></span> 
     </span>
     <span class='ocr_line' id='line_1_38' title="bbox 113 3535 1109 3623; baseline -0.005 -24"><span class='ocrx_word' id='word_1_296' title='bbox 113 3537 260 3621; x_wconf 84' lang='lat' dir='ltr'><strong>traditas,</strong></span> <span class='ocrx_word' id='word_1_297' title='bbox 278 3558 296 3601; x_wconf 94' lang='lat' dir='ltr'><strong>e</strong></span> <span class='ocrx_word' id='word_1_298' title='bbox 315 3537 431 3620; x_wconf 87' lang='lat' dir='ltr'><strong>quibus</strong></span> <span class='ocrx_word' id='word_1_299' title='bbox 451 3558 546 3622; x_wconf 86' lang='lat' dir='ltr'><strong>saepe</strong></span> <span class='ocrx_word' id='word_1_300' title='bbox 565 3558 660 3622; x_wconf 91' lang='lat' dir='ltr'><strong>opem</strong></span> <span class='ocrx_word' id='word_1_301' title='bbox 677 3537 725 3602; x_wconf 87' lang='lat' dir='ltr'><strong>rei</strong></span> <span class='ocrx_word' id='word_1_302' title='bbox 740 3537 889 3623; x_wconf 86' lang='lat' dir='ltr'><strong>publicae</strong></span> <span class='ocrx_word' id='word_1_303' title='bbox 902 3535 987 3601; x_wconf 83' lang='lat' dir='ltr'><strong>ferre</strong></span> <span class='ocrx_word' id='word_1_304' title='bbox 1000 3536 1109 3622; x_wconf 84' lang='lat' dir='ltr'><strong>possit</strong></span> 
     </span>
    </p>
   </div>
   <div class='ocr_carea' id='block_1_6' title="bbox 0 0 1306 3880">
    <p class='ocr_par' dir='ltr' id='par_1_8' title="bbox 0 0 1306 3880">
     <span class='ocr_line' id='line_1_39' title="bbox 0 0 1306 3880; baseline 0 0"><span class='ocrx_word' id='word_1_305' title='bbox 0 0 1306 3880; x_wconf 95' lang='lat' dir='ltr'><strong> </strong></span> 
     </span>
    </p>
   </div>
  </div>
 </body>
</html>
