2578 3874
182 178 246 246 384
577 179 627 235 Dll
645 180 800 235 LEGIBUS

180 326 219 390 ut
245 346 284 390 ea
310 324 548 410 conplectatur,
576 325 694 410 quibus
721 324 792 478 ipse
814 324 974 390 interfuit.
1019 325 1096 390 Ara
1118 323 1195 410 Ego

180 435 258 479 vero
281 412 357 478 huic
379 413 490 498 potius
514 413 689 480 adsentior,
754 417 813 478 unt
836 412 922 478 enim
946 434 1118 478 maxumae
1141 434 1196 477 res

180 501 216 566 in
237 500 300 566 hac
322 501 481 566 memoria
502 506 601 586 atque
625 505 733 568 aetate
755 505 884 585 nostra3
910 505 982 566 tum
1005 505 1115 566 autem
1138 500 1197 566 ho·

180 589 278 656 minis
301 589 505 673 amicissimi,
528 588 585 656 (ln
607 589 765 676 Pompeii,
787 590 900 656 laudes
922 589 1125 673 inlustrabit‚
1148 588 1197 652 in·

179 682 289 746 curret
308 679 408 742 etiam
425 679 462 743 iu
478 678 588 743 illum.
602 729 610 743 .
625 682 674 744 .et
688 679 934 744 memorabilem
949 699 1070 743 annum
1085 694 1223 761 suum35
1279 701 1280 708 ¹

181 788 264 851 quae
283 766 324 832 ab
343 767 409 831 isto
427 767 515 832 malo
534 768 715 852 praedicari
733 789 840 851 quam,
858 770 897 830 ut
915 766 1016 850 aiunt,
1035 765 1074 830 de
1090 765 1197 830 Remo
1279 785 1280 802 ³

180 853 390 924 1111011110.
429 856 478 920 M.
500 853 663 942 Intellego
692 855 840 940 equidem
864 877 885 919 a
906 876 958 919 me
980 855 1082 918 istum
1106 854 1198 918 labo·

181 965 251 1008 rem
273 943 339 1008 iam
363 943 418 1007 diu
439 944 614 1028 postulari,
641 943 766 1028 Attice3
793 965 890 1028 quem
912 964 980 1009 non
1001 963 1198 1026 recusarem,

181 1031 211 1098 si
233 1031 315 1096 mihi
336 1032 442 1096 ullum
464 1032 664 1097 tribueretur
685 1054 823 1097 vacuum
841 1035 971 1116 tempus
989 1035 1024 1096 et
1041 1030 1197 1114 liberum,

180 1141 286 1203 neque
308 1119 395 1184 euim
418 1123 576 1206 occupata
599 1142 698 1206 opera
719 1142 825 1205 neque
846 1120 993 1205 inpedito
1012 1119 1123 1185 animo
1141 1140 1196 1183 res
1212 1136 1237 1174 10

181 1210 277 1272 tauta
298 1208 420 1293 suscipi
442 1212 567 1294 potest3
593 1213 768 1293 utrumque
792 1230 874 1293 opus
897 1211 961 1293 est,
985 1211 1019 1274 et
1041 1229 1120 1273 cura
1141 1229 1198 1272 va

146 1311 162 1359 9
181 1317 255 1362 0111
274 1299 307 1360 11
324 1296 468 1383 negotio.
503 1297 581 1363 Arr.
602 1295 708 1372 Quid?
732 1297 773 1362 ad
791 1301 908 1381 cetera,
931 1317 1013 1381 quae
1032 1295 1198 1380 scripsisti

181 1384 277 1470 plura
310 1405 407 1468 quam
439 1385 612 1470 quisquam
644 1407 663 1449 e
689 1384 826 1470 nostris,
858 1386 945 1470 quod
972 1384 1035 1449 tibi
1061 1384 1197 1449 tandem

181 1477 311 1558 tempus
338 1495 478 1539 vacuum
500 1473 564 1538 fuit
586 1475 798 1539 concessum?
834 1475 882 1540 M.
906 1471 1076 1538 Subsiciva
1099 1494 1198 1557 quae·

182 1562 257 1626 dam
284 1565 434 1646 tempora
455 1562 639 1645 incurrunt,
667 1584 749 1646 quae
773 1583 834 1649 ege
857 1561 965 1647 perire
986 1582 1054 1626 non
1076 1560 1198 1646 patior,
1213 1577 1237 1617 1⁵

181 1653 232 1733 ut,
259 1649 289 1714 si
315 1650 371 1734 qui
399 1650 467 1715 dies
495 1650 536 1715 ad
562 1650 786 1716 rusticandum
813 1650 883 1715 dati
910 1649 991 1734 sint,
1017 1649 1059 1714 ad
1082 1670 1198 1714 eorum

180 1759 353 1804 numerum
380 1738 680 1823 adcommodentur,
708 1760 791 1824 quae
819 1738 999 1804 scribimus.
1044 1736 1198 1803 Historia

181 1847 259 1890 vero
286 1847 346 1890 nec
372 1825 501 1891 institui
528 1830 639 1912 potest
665 1826 729 1892 uisi
751 1830 947 1912 praeparato
970 1825 1039 1891 otio
1061 1847 1122 1890 nec
1144 1847 1198 1891 ex·

178 1915 260 2000 iguo
292 1918 439 1999 tempore
472 1915 613 1999 absolvi,
645 1918 679 1980 et
710 1937 771 2003 ego
800 1915 901 1980 animi
928 1914 1068 1999 pendere
1095 1914 1197 1998 10110,

183 2023 282 2086 quom
306 2001 405 2066 semel
429 2003 506 2087 quid
529 2024 623 2068 orsus
645 2025 728 2082 sam,
756 2003 786 2068 si
807 2003 961 2068 traducor
984 2002 1064 2086 alio,
1089 2023 1197 2085 neque
1211 2019 1239 2058 2⁰

182 2094 253 2155 tam
273 2089 370 2155 facile
393 2090 578 2176 interrupta
600 2095 737 2157 contexo
761 2114 859 2176 quam
878 2090 1014 2157 absolvo
1032 2091 1198 2155 instituta

132 2193 164 2242 10
182 2180 259 2246 Arr.
281 2178 495 2264 Legationem
523 2179 668 2263 aliquam
690 2180 845 2246 nimirum
867 2180 934 2245 ista
956 2179 1062 2245 oratic
1085 2183 1198 2264 postu·

182 2268 231 2332 lat
254 2270 312 2333 aut
335 2267 403 2332 eius
426 2267 516 2332 modi
538 2269 726 2353 quampiam
748 2269 964 2334 cessationem
987 2268 1125 2333 liberam
1149 2271 1199 2332 at·

183 2377 245 2440 que
273 2355 423 2421 otiosam.
467 2355 516 2422 M.
543 2355 616 2442 Ego
643 2379 721 2423 vero
748 2357 867 2422 aetatis
893 2357 1004 2442 potius
1031 2354 1199 2421 vacationi

183 2444 393 2527 confidebam,
416 2465 515 2528 quom
537 2445 731 2529 praesertim
753 2467 820 2511 nou
837 2466 1030 2528 recusarem,
1054 2466 1118 2528 quo
1137 2444 1198 2507 mi·
1212 2458 1240 2500 2⁶

182 2555 243 2599 nus
267 2554 358 2598 more
380 2533 488 2617 patrio
512 2533 627 2598 sedens
647 2533 682 2597 in
699 2533 783 2599 solio
801 2533 1045 2600 consulentibus
1064 2553 1198 2617 respon·

183 2621 292 2686 derem
319 2621 559 2706 senectutisque
586 2643 653 2686 non
675 2621 790 2686 inertis
814 2624 911 2707 grato
935 2624 1033 2706 atque
1056 2620 1197 2685 honesto

182 2709 336 2796 fimgerer
365 2731 506 2775 munere.
552 2707 605 2775 Sic
633 2710 719 2774 enim
746 2710 828 2774 mihi
854 2711 967 2775 liceret
994 2712 1028 2773 et
1054 2709 1113 2773 isti
1139 2708 1197 2792 rei,

184 2820 282 2882 quam
301 2797 473 2882 desideras,
491 2801 525 2863 et
543 2798 656 2863 multis
674 2798 880 2864 uberioribus
899 2802 997 2883 atque
1015 2797 1197 2863 maioribus

185 2908 301 2972 operae
325 2889 483 2970 quantum
505 2887 625 2951 vellem
647 2886 732 2951 dare.
1212 2901 1240 2941 ³⁰

132 3014 164 3062 11
249 2977 326 3041 Ara
350 2974 454 3059 Atqui
476 2996 599 3058 vereor,
621 2996 662 3039 ne
684 2975 784 3039 istam
806 2997 938 3040 causam
961 2995 1057 3038 nemo
1079 2976 1199 3038 noscat

184 3063 310 3148 tibique
339 3084 468 3147 semper
495 3062 664 3127 dicendum
692 3063 749 3145 sit,
778 3065 813 3128 et
841 3084 878 3127 eo
902 3062 1022 3147 magis,
1052 3061 1141 3146 quod
1162 3064 1198 3125 te

184 3151 255 3235 ipse
287 3152 424 3216 mutasti
453 3154 487 3216 et
518 3150 607 3215 aliud
639 3150 764 3215 dicendi
794 3151 970 3215 instituisti
1001 3170 1120 3236 genus,
1150 3153 1198 3233 ut,

185 3259 281 3323 quem
304 3239 346 3303 ad
364 3239 497 3304 modum
510 3237 656 3323 Roscius,
677 3237 850 3304 familiaris
868 3243 955 3322 tuus,
976 3238 1012 3302 in
1030 3241 1199 3303 senectute

183 3346 336 3390 numeros
358 3325 393 3390 in
415 3332 514 3392 cantu
535 3327 707 3391 remiserat
723 3326 876 3412 ipsasque
894 3326 1055 3392 tardiores
1072 3324 1198 3391 fecerat
1212 3343 1238 3382 ³⁵

184 3411 293 3495 tibias,
316 3412 362 3476 sic
384 3417 422 3478 tu
445 3436 465 3479 a
488 3415 759 3499 contentionibus,
782 3415 900 3498 quibus
923 3413 1060 3480 summis
1078 3414 1129 3479 uti
1148 3435 1199 3479 sc·

185 3499 290 3583 lebas,
317 3500 435 3565 cotidie
457 3503 583 3567 relaxes
607 3502 743 3586 aliquid,
770 3503 897 3568 utiam
920 3503 1026 3568 oratio
1048 3505 1109 3566 tua
1130 3523 1199 3568 non
