2596 3882
427 135 502 192 cAP
523 143 636 193 14-1s.
656 141 803 201 ser-ae.
1056 136 1121 202 265

109 301 204 345 mons
227 279 315 344 ullus
333 277 475 344 Peliusl'
498 281 613 346 similit
600 285 712 365 terque
736 280 904 366 superiora
921 284 1122 396 repetentem

109 367 239 454 regredi
260 367 388 432 infinite
411 368 496 433 lieet

154 455 257 521 Neve
280 453 369 520 inde
391 456 503 522 navis
526 454 739 522 inchoandi
762 457 959 522 exordium

156 541 418 628 Coepisset

82 631 273 708 socorsum
296 631 377 697 haec
398 613 599 717 praeterita?
636 632 719 709 Quia
742 634 888 718 sequitur
910 633 1006 698 illud:

156 719 252 786 Nem
279 724 485 804 numquam
513 743 578 787 era
605 743 739 787 errans
762 724 845 787 me‘a
867 722 978 788 domo
1001 721 1122 788 ecfer-

801 813 863 876 ret
884 811 1033 895 pedem,

156 897 301 981 Medea,
324 897 450 963 animo
475 919 608 985 aegra,
631 901 762 964 amore
785 921 900 964 saevo
924 898 1070 984 saucia,

110 986 214 1069 †non
236 989 273 1050 ut
296 1007 352 1050 eae
375 1008 427 1051 res
451 1008 583 1052 censam
606 986 771 1053 adferrent
794 987 924 1052 amoris.
1135 1039 1174 1103 16

178 1073 340 1138 Interesse
368 1078 424 1138 aut
426 1097 477 1139 em
500 1075 605 1159 aiunt,
633 1079 744 1140 utrum
767 1075 835 1140 eius
859 1075 947 1140 modi
970 1075 1048 1159 quid
1071 1075 1123 1160 sit,
1142 1118 1176 1165 36

71 1181 98 1220 ¹0
113 1164 182 1228 sine
206 1184 269 1246 quo
294 1161 378 1226 effici
401 1163 525 1247 aliquid
546 1185 614 1228 non
635 1164 750 1248 possit,
774 1185 816 1229 an
839 1164 907 1228 eius
930 1163 1027 1248 modi,
1050 1185 1123 1228 cum

113 1272 177 1336 quo
201 1249 284 1315 effici
307 1250 431 1334 aliquid
452 1273 584 1316 necesse
608 1251 661 1316 sit
697 1251 830 1316 Nulla
821 1252 884 1337 1git
886 1274 925 1315 ur
944 1274 1055 1318 earum
1074 1255 1125 1316 est

112 1361 222 1424 causa,
252 1338 406 1423 quoniam
435 1340 528 1404 nulla
556 1362 628 1404 eam
655 1362 725 1404 rem
753 1362 812 1405 sua
833 1340 868 1405 vi
890 1340 1003 1424 efficit,
1034 1340 1124 1405 cuius

113 1449 211 1494 causa
229 1426 360 1510 dicitur3
381 1448 442 1493 nec
459 1427 501 1509 id,
521 1429 592 1492 sine
611 1450 674 1512 quo
695 1428 862 1513 quippiam
880 1450 947 1494 non
960 1429 1008 1513 fit,
1027 1451 1125 1494 causa

113 1521 177 1600 est,
207 1515 263 1580 sed
290 1515 337 1597 id,
370 1515 457 1600 quod
483 1538 557 1581 cum
580 1517 729 1600 accessit,
757 1517 804 1601 id,
831 1517 921 1582 ouius
944 1521 995 1582 est
1018 1539 1125 1600 causa,

73 1621 98 1660 1⁵
114 1604 214 1670 efficit
244 1603 437 1670 necessario.
481 1603 635 1670 Nondum
667 1605 754 1670 enim
785 1606 930 1672 ulcerato
964 1605 1124 1690 serpentis

114 1715 225 1759 morsu
246 1691 432 1758 Philocteta
459 1715 541 1795 quae
570 1715 668 1758 eausa
694 1693 730 1757 in
752 1715 860 1758 rerum
882 1697 1002 1758 natura
1025 1694 1125 1759 conti-

112 1781 261 1865 nebatur,
282 1780 353 1846 fore
375 1782 445 1846 ut
435 1803 465 1847 rs
484 1782 519 1847 in
536 1781 646 1846 insula
658 1781 781 1847 Lemno
800 1781 962 1866 linqueret
964 1783 1024 1846 ur?
1048 1785 1125 1866 post

113 1873 223 1936 autem
246 1890 344 1935 causa
361 1868 425 1933 fuit
411 1870 577 1955 tpropior
596 1873 628 1934 et
647 1891 720 1934 cum
739 1869 829 1934 exitu
845 1870 994 1935 iunctior.
1026 1870 1101 1935 Rat'
1077 1875 1124 1936 tro
1143 1886 1177 1934 37

114 1955 215 2044 igitur
176 1960 373 2023 urerentus
394 1959 500 2042 aperit
519 1980 659 2023 causam.
698 1955 762 2022 Sed
777 1980 816 2022 ex
835 1957 1030 2031 aeternitate
1048 1981 1126 2024 vera

72 2062 99 2102 2⁰
112 2047 177 2111 fuit
198 2046 279 2112 haec
302 2046 496 2112 enuntiatio·
525 2047 755 2148 ‘Relinquetur
777 2047 813 2111 in
834 2047 943 2111 insula
964 2045 1126 2113 Philocte·

112 2133 189 2218 tes',
219 2155 280 2200 nec
310 2133 373 2199 hoc
400 2156 439 2199 ex
466 2157 544 2200 vero
571 2136 606 2200 in
632 2135 754 2200 falsum
775 2138 907 2219 poterat
929 2139 1125 2201 convertere.

112 2221 253 2288 Necesse
276 2225 326 2286 est
349 2222 435 2286 enim
452 2223 488 2287 in
505 2224 604 2288 rebus
622 2223 795 2288 contrariis
814 2223 939 2289 duabus
959 2221 1126 2308 (contra-

112 2311 172 2376 ria
203 2313 313 2376 autem
344 2310 407 2375 hoc
440 2311 512 2376 loco
545 2333 584 2376 ea
615 2311 699 2393 dico,
737 2333 875 2395 quorum
907 2313 1047 2376 alterum
1079 2312 1126 2376 ait

113 2399 200 2484 quid,
224 2399 366 2464 alterum
387 2397 516 2484 negat),
544 2422 583 2464 ex
605 2399 646 2464 iis
668 2399 773 2486 igitur
794 2421 925 2464 neeesse
948 2403 999 2464 est
1020 2399 1125 2464 invito

71 2502 98 2543 2⁵
111 2487 253 2572 Epicuro
291 2486 431 2551 alterum
466 2508 580 2552 verum
616 2509 699 2572 esse,
742 2488 885 2561 alterum
917 2486 1052 2570 falsum,
1088 2491 1126 2551 ut

113 2573 337 2641 ‘Sauciabitur
353 2573 551 2640 Philocteta'
579 2576 728 2641 omnibus
753 2578 829 2640 ante
852 2575 990 2641 saeculis
1013 2596 1125 2640 verum

112 2663 190 2747 fuit,
222 2660 314 2728 ‘Non
345 2663 504 2728 sauciabit
490 2661 559 2729 t'ur
590 2663 725 2765 falsum3
761 2663 825 2728 nisi
856 2663 942 2728 forte
974 2663 1125 2728 uolumus

113 2750 348 2844 Epicureorum
380 2750 566 2834 opinionem
598 2752 702 2837 sequi,
736 2751 792 2836 qui
818 2751 903 2816 tales
932 2751 1090 2815 enuntiat
1066 2756 1126 2818 t-10

113 2859 171 2904 nes
202 2859 261 2903 nec
292 2827 387 2903 teras
422 2860 481 2904 nec
512 2839 615 2904 falsas
643 2861 714 2905 esse
743 2840 853 2905 dieunt
885 2842 955 2921 aut,
987 2861 1060 2904 cum
1092 2839 1127 2905 id

72 2942 99 2982 ³0
113 2926 226 3011 pudet,
255 2925 338 2990 illud
365 2931 476 3014 tamen
498 2927 610 2994 diccunt
614 2977 624 3011 ‚
596 2927 734 3012 tquod
756 2931 807 2992 est
829 2889 1052 3012 inpudelrt1us‚
1073 2949 1126 2993 ve-

112 3037 166 3080 ras
195 3036 265 3080 esse
293 3036 332 3080 ex
360 3015 533 3081 contrariis
556 3015 784 3101 diiunctmnes,
814 3016 883 3099 sed,
911 3016 1052 3100 quaein
1073 3015 1125 3082 his

113 3103 283 3169 enuntiata
306 3107 427 3185 essent,
451 3125 561 3170 eorum
585 3108 738 3170 neutrum
761 3125 832 3169 esse
854 3126 976 3169 verum.
1022 3103 1049 3169 Ο
1072 3105 1126 3170 ad·
1145 3117 1179 3168 38

111 3192 296 3257 mirabilem
319 3192 485 3258 licentiam
508 3197 542 3258 et
564 3193 786 3258 miserabilem
803 3192 1009 3258 inscientiam
1028 3192 1126 3258 disse·

110 3281 216 3346 rendi!
258 3277 293 3344 Si
321 3279 407 3346 enim
435 3280 558 3366 aliquid
584 3281 619 3346 in
646 3280 826 3365 eloquendo
848 3303 909 3347 nec
930 3303 1044 3347 verum
1066 3304 1125 3347 nec

71 3369 231 3435 esfalsum
255 3372 319 3453 est,
347 3373 434 3434 certe
457 3369 491 3434 id
514 3393 626 3436 verum
650 3391 716 3435 non
739 3373 803 3453 est3
832 3370 918 3455 quod
941 3373 1051 3435 autem
1073 3392 1125 3434 ve-

111 3479 185 3522 rum
207 3461 360 3543 nonest,
383 3457 439 3543 qui
461 3463 572 3546 potest
594 3481 661 3525 non
682 3459 804 3524 falsum
827 3459 920 3525 esse?
948 3462 1015 3544 eut,
1038 3459 1125 3543 quod
