2596 3882
133 409 175 536 l?

132 2421 166 2470 19

185 119 251 182 280
545 117 594 170 DE
612 117 660 172 Ra
679 117 835 171 PUBLICA

184 261 234 326 Da
257 261 381 326 solibus
403 261 477 326 istis
501 261 639 345 duobus3
667 261 706 325 de
729 282 793 344 quo
817 261 944 344 studeo,
966 259 1073 343 Philo,
1097 282 1136 324 ex
1158 263 1194 324 te

185 349 296 414 audire
320 350 395 433 quid
420 349 550 414 sentias,

250 437 387 502 Dixerat
418 436 481 503 hoc
508 437 579 520 ille,
611 459 684 502 oum
712 459 793 522 puer
821 436 985 501 nuntiavit
1013 435 1124 500 venire
1150 435 1193 500 ad

185 547 259 590 eum
280 525 428 590 Laelium
456 526 615 608 domoque
641 525 707 589 iam
734 524 847 589 exisse.
892 524 975 588 lum
998 520 1105 609 Scipio
1129 524 1193 589 oal-

184 614 249 679 ceis
277 617 310 679 et
338 613 542 679 vestimentis
572 613 711 698 sumptis
739 635 757 677 e
785 612 931 678 cubiculo
960 615 1010 676 cst
1033 632 1194 697 egressus,
1222 632 1235 670 a

184 729 212 780 p.
230 705 296 784 210]
330 704 363 767 et
395 723 468 767 cum
495 701 664 786 paululum
689 698 968 787 inambullavisset
994 700 1029 764 in
1055 699 1194 784 porticu,

184 789 331 854 Laelium
355 789 578 854 advenientem
601 789 758 854 salutavit
780 793 814 852 et
837 809 905 871 eos,
935 788 990 872 qui
1013 810 1078 852 una
1099 809 1195 852 vene-

184 882 272 961 rant,
303 876 455 962 Spurium
477 875 683 959 Mummium,
711 899 807 961 quem
828 876 864 940 in
885 876 1000 961 primis
1023 875 1195 960 diligebat,

185 969 218 1030 et
241 963 275 1030 Ο.
293 963 455 1029 Fannium
477 969 511 1029 et
528 963 684 1040 Quintum
702 962 899 1048 Scaevolam,
923 985 1062 1049 generos
1079 963 1194 1047 Laelii,

187 1056 297 1122 doctos
315 1053 546 1136 adulescentes,
569 1053 635 1116 iam
654 1053 760 1118 aetate
779 1052 996 1137 quaestorios3
1019 1073 1100 1136 quos
1119 1073 1195 1116 cum
1211 1075 1239 1114 ro

185 1141 290 1206 omnis
314 1141 531 1225 salutavisset,
554 1141 714 1206 convertit
736 1141 827 1222 sein
849 1139 978 1225 porticu
1000 1143 1033 1204 et
1056 1139 1194 1205 coniecit

184 1229 219 1294 in
245 1229 387 1294 medium
409 1228 570 1312 Laelium3
596 1229 660 1294 fuit
683 1229 768 1293 enim
790 1229 853 1294 hoc
875 1229 910 1292 in
932 1227 1076 1293 amicitia
1098 1227 1196 1312 quasi

186 1317 348 1401 quoddam
370 1316 421 1381 ius
443 1317 642 1400 interillos,
664 1320 701 1381 ut
723 1317 861 1381 militiae
883 1320 1019 1401 propter
1041 1315 1195 1380 eximiam

184 1414 224 1484 μ’
237 1408 301 1486 197]
339 1405 419 1468 belli
451 1405 591 1490 gloriam
620 1404 625 1489 Ι
653 1405 844 1470 Africanum
875 1408 913 1468 ut
945 1405 1040 1468 deum
1071 1405 1195 1469 coleret

184 1492 328 1576 Laelius,
355 1492 443 1557 domi
465 1493 614 1558 ¹vicissim
635 1493 796 1576 Laelium,
824 1493 910 1578 quod
937 1496 1045 1557 aetate
1068 1496 1195 1557 anteac-
1210 1513 1239 1555 ro

185 1581 296 1664 debat,
323 1581 514 1646 observaret
539 1581 575 1645 in
596 1581 740 1667 parentis
763 1582 834 1646 loco
859 1579 975 1665 Scipio.
1011 1579 1097 1644 Dein
1119 1603 1195 1645 oum

185 1672 294 1734 essent
320 1690 483 1753 perpauca
509 1669 595 1733 inter
622 1690 657 1734 se
685 1691 749 1734 uno
777 1672 834 1734 aut
862 1669 966 1734 altero
989 1668 1097 1754 spatio
1120 1689 1196 1733 con-

184 1756 286 1821 locuti
304 1753 509 1840 Scipionique
532 1779 644 1822 eorum
662 1758 818 1822 adventus
837 1757 1052 1842 periucundus
1071 1759 1105 1821 et
1122 1778 1196 1840 per·

185 1848 298 1930 gratus
320 1842 446 1928 fuisset,
469 1845 626 1930 placitum
645 1849 703 1929 est,
726 1846 816 1908 utin
834 1845 943 1929 aprico
961 1844 1195 1929 maximepra·

185 1932 247 1996 tuli
270 1933 355 2015 loco,
383 1932 469 2016 quod
493 1937 564 1998 erat
585 1933 757 1997 hibernum
779 1936 907 2017 tempus
932 1932 1022 2016 anni,
1049 1932 1194 1997 conside·
1210 1955 1238 1994 ao

184 2023 271 2103 rent3
294 2020 380 2104 quod
403 2042 475 2085 cum
497 2019 604 2085 facere
626 2021 757 2104 vellent,
779 2021 955 2086 intervenit
977 2021 1029 2086 vir
1050 2020 1194 2104 prudens

184 2135 212 2188 p.
233 2111 296 2188 198]
321 2105 543 2194 omnibuslquc
566 2108 634 2172 illis
653 2113 686 2172 et
703 2108 860 2174 iucundus
880 2111 912 2173 et
930 2130 1033 2192 carus,
1055 2107 1107 2172 Μ’.
1125 2107 1195 2172 Ma-

184 2195 296 2279 nilius,
324 2195 380 2280 qui
407 2218 426 2260 a
449 2193 597 2281 Scipione
625 2197 804 2281 ceterisque
829 2195 1024 2272 amicissime
1046 2197 1194 2262 consalu·

184 2287 273 2348 tatus
297 2283 423 2348 adsedit
444 2284 611 2368 proximus
633 2284 754 2350 Laelio.

135 2345 175 2408 13
251 2372 334 2436 uum
360 2371 489 2436 rannus:
519 2370 595 2436 Non
622 2373 704 2437 mihi
730 2373 870 2457 viderur,
896 2373 1016 2458 inquit,
1044 2373 1130 2457 quoe
1156 2373 1194 2438 m
1208 2393 1236 2436 a

184 2463 351 2544 venerunt,
374 2460 457 2524 alius
475 2461 570 2525 nobis
589 2481 695 2526 sermo
710 2482 780 2526 esse
795 2461 1003 2545 quaerendus,
1022 2462 1079 2527 sed
1097 2482 1194 2547 agen-

185 2548 261 2613 dum
292 2548 473 2613 accuratius
503 2551 536 2612 et
568 2548 736 2613 dicendum
764 2549 898 2634 dignum
926 2549 1050 2633 aliquid
1076 2549 1193 2614 horum

185 2636 326 2701 auribus.
362 2635 425 2700 Hic
447 2635 589 2700 Laelius:
617 2634 700 2711 Quid
725 2637 857 2701 tandem
880 2637 1039 2723 agebatis,
1061 2641 1119 2703 aut
1142 2637 1194 2703 cui

185 2724 327 2790 sermoni
344 2745 404 2788 nos
422 2723 677 2789 intervenimus?
700 2725 773 2789 PH.
793 2723 983 2800 Quaesierat
1001 2748 1040 2790 ex
1058 2747 1110 2790 me
1128 2723 1194 2791 Sci·

183 2840 211 2892 p.
231 2815 296 2893 aea]
320 2811 384 2897 pio,
404 2809 410 2894 Ι
430 2811 584 2895 quidnam
607 2812 760 2877 sentirem
784 2813 823 2878 de
845 2812 921 2896 hoc,
948 2813 1035 2897 quod
1057 2814 1120 2878 duo
1144 2835 1194 2880 so
1207 2833 1235 2874 eo

184 2901 231 2965 les
255 2901 343 2965 visos
367 2921 437 2963 esse
460 2903 633 2964 constaret.
666 2901 705 2965 L.
727 2900 793 2965 Ain
811 2901 910 2965 vero?
932 2899 1036 2985 Phile,
1058 2901 1125 2966 iam
1143 2924 1194 2967 ex·

183 2988 315 3072 plorata
332 2987 427 3051 nobis
447 2990 523 3054 sunt
541 3009 588 3071 ea,
607 3009 689 3071 quae
708 2989 749 3052 ad
767 2988 880 3053 domos
898 2993 1028 3054 nostras
1048 3011 1194 3075 quaeque
1287 3051 1288 3072 ,

185 3076 226 3140 ad
252 3097 321 3140 rem
349 3075 514 3160 publicam
540 3075 746 3160 pertineant?
774 3077 946 3161 siquidem,
976 3077 1053 3162 quid
1075 3081 1195 3164 agatur

183 3163 219 3227 in
241 3163 341 3246 eaelo,
365 3163 558 3246 quaerimus.
589 3163 634 3227 Et
652 3164 722 3227 ille:
745 3163 800 3228 An
816 3169 854 3230 tu
871 3166 913 3229 ad
932 3166 1045 3230 domos
1063 3170 1193 3231 nostras

183 3271 250 3315 non
279 3272 390 3315 censes
420 3251 582 3335 pertinere
610 3251 704 3336 scire,
733 3252 810 3336 quid
838 3256 957 3339 agatur
979 3257 1012 3317 et
1036 3253 1113 3338 quid
1134 3255 1194 3319 fiat
1207 3273 1233 3314 aa

185 3338 294 3402 domi?
319 3360 400 3421 quae
423 3359 490 3402 non
513 3361 551 3403 ea
569 3343 627 3423 est,
651 3361 748 3423 quam
766 3341 908 3425 parietes
926 3341 1031 3407 nostri
1049 3341 1195 3428 eingrmt,
1287 3385 1288 3394 κ

184 3425 402 3490 eadmundus
425 3425 479 3490 hio
501 3429 601 3512 totus,
624 3428 710 3511 quod
733 3428 932 3493 domicilium
956 3450 1116 3514 quamque
1138 3452 1194 3516 pa·
1287 3459 1288 3488 ι
