2578 3874
182 126 247 192 364
538 125 588 182 DE
606 126 655 182 RE
673 126 829 182 PUBLICA

181 291 251 336 rem
277 271 457 357 publicam,
488 293 585 356 quam
609 271 664 336 diu
686 272 729 337 ab
752 270 903 336 omnibus
925 271 1031 335 honor
1053 267 1196 354 principi

181 359 395 424 exhiberetur.
432 358 561 441 (Petrus
582 359 787 426 I'ictoviensis
807 362 851 424 ud
871 359 1003 424 column.
1021 359 1108 426 Bibl.
1127 357 1196 423 PP.

180 447 279 530 ancl.
305 448 389 512 Ten.
412 448 527 512 XXII
539 469 573 530 p.
596 448 687 533 824.)

249 536 296 600 M.
316 536 439 601 Tullius
461 538 498 601 de
519 557 553 601 re
568 537 655 618 publ.
674 536 724 601 lib.
749 536 792 600 V:
815 535 898 600 Tum
916 535 1046 618 virtute,
1069 534 1195 617 labore,

181 621 341 688 industria
378 627 525 689 tueretur
562 625 680 689 summi
714 624 777 689 viri
808 624 964 707 indolem,
998 623 1064 687 nisi
1095 622 1230 687 nonies
1261 656 1262 716 q

182 712 327 777 animose
353 712 446 777 ferox
473 715 593 777 natura
619 713 715 777 illum
737 713 1009 796 nescioquo...
1051 710 1195 794 (Nonius
1261 721 1262 736 ¹

174 822 202 883 1)
249 891 296 955 Μ.
318 802 441 954 Tnliins
462 890 499 954 de
519 888 651 971 republ.
670 889 721 954 lib.
744 889 787 954 V:
811 909 894 973 quae
911 888 1016 953 virtus
1032 886 1194 952 fortitudo

181 983 331 1060 vocatur,
354 977 390 1041 in
413 999 477 1061 qua
500 980 551 1042 est
573 976 764 1063 magnitudo
789 976 897 1060 animi,
919 975 1035 1041 mortis
1059 975 1194 1040 doloris·
1263 975 1264 1060 J

142 1125 163 1191 3
183 1064 993 1236 queIlIllaI'ilialieIiliignrlgtpanbi.(liboivV13&cecilii
1011 1155 1049 1216 ut
1068 1173 1141 1216 acer
1160 1080 1230 1215 et1⁰

132 1203 164 1252 ¹⁰
181 1263 326 1328 pugnax,
354 1242 517 1415 lfiaximus
539 1246 577 1308 ut
600 1242 822 1308 consideratus
845 1244 879 1306 et
900 1241 1018 1306 lentus.
1054 1239 1195 1323 (Nonius

248 1418 357 1484 ‘Orbi'
379 1439 440 1501 pro
472 1418 541 1484 orbe
566 1419 740 1484 Ciceronem
769 1420 807 1483 de
837 1418 1019 1500 republica
1046 1416 1123 1481 intro
1150 1414 1194 1481 V:

182 1507 255 1572 orbi
281 1510 443 1572 terrarum
473 1506 785 1591 comprehensos...
809 1512 839 1571 et
857 1506 1030 1588 frequenter
1050 1506 1195 1586 anie'qnos
1207 1521 1231 1560 1⁵

182 1596 228 1659 iia
250 1596 362 1660 nerins
384 1595 513 1661 Plinius
534 1597 636 1660 eodem
659 1596 736 1659 libro
764 1594 817 1660 VI
833 1600 928 1661 notet.
967 1592 1199 1678 (ChorisinsI
1267 1615 1268 1632 ³

175 1702 210 1766 1).
233 1688 303 1748 139.
326 1688 370 1748 17
391 1682 489 1764 Keil.)

249 1772 298 1835 M.
323 1771 445 1837 Tullius
471 1773 507 1836 de
533 1792 568 1837 re
587 1772 674 1854 publ.
701 1771 752 1836 lib.
780 1771 823 1837 V:
855 1771 943 1854 quod
964 1769 1125 1835 molestiis
1148 1789 1196 1834 se·
1268 1772 1269 1822 l

172 1858 323 1935 :nectutis
348 1880 424 1923 suae
446 1863 573 1924 vestras
595 1859 739 1924 familias
762 1859 930 1944 impertire
952 1862 1073 1944 posset.
1113 1857 1197 1941 (No-

131 2005 164 2135 3
182 1947 541 2100 musei‘stiazuii'ieam
559 2037 682 2100 anien
693 2036 896 2101 leccenna
908 2033 1068 2119 (Senon.-
1087 2033 1198 2117 ‘Apu
1208 1963 1233 2004 Ν

182 2124 285 2205 ipsum
302 2121 440 2205 qnoque’,
458 2125 568 2208 inquii,
586 2123 769 2188 ‘Ciceronem
787 2125 920 2188 invenies
937 2125 1031 2188 etium
1048 2123 1084 2188 in
1096 2142 1196 2206 prosa

183 2213 320 2276 oratione
341 2212 507 2292 quaedum,
528 2212 697 2292 exquibus
718 2213 875 2294 intelleqas
896 2212 987 2276 illuni
1008 2231 1072 2276 non
1087 2212 1194 2294 percli-

182 2300 263 2364 clisse
285 2320 421 2382 operum
447 2301 530 2380 qnod
549 2300 694 2364 Ennium
716 2299 806 2382 lepit’
851 2299 947 2364 Ponit
967 2300 1088 2378 deinde,
1115 2319 1195 2381 qnae

182 2389 269 2470 apnd
293 2387 466 2454 Ciceronem
497 2389 696 2471 reprehendet
725 2389 817 2470 qnasi
842 2389 1010 2465 Enniana,
1040 2389 1123 2469 qnod
1148 2389 1232 2452 itan

182 2477 338 2557 scripserit
363 2477 399 2541 in
426 2476 515 2542 libris
540 2477 577 2541 dc
602 2497 636 2541 re
656 2476 798 2558 pnbli‘en:
832 2479 870 2541 ut
896 2475 1044 2541 Menelao
1071 2474 1195 2540 Laconi

185 2564 343 2648 quaedam
360 2563 424 2629 fuit
443 2564 673 2648 suaviloquens
691 2563 884 2649 iucunditas,
906 2571 936 2629 et
952 2565 1033 2645 qnod
1048 2564 1112 2628 olio
1131 2564 1196 2629 loeo

183 2653 316 2716 dicerit:
352 2652 646 2736 breviloquentiam
678 2652 713 2717 in
745 2653 878 2719 dicendo
910 2653 1007 2718 eolat.
1055 2651 1196 2735 (Cellius

183 2740 263 2804 XII
280 2745 313 2806 2.
336 2745 357 2805 6
378 2740 438 2822 sq.)

250 2828 377 2893 Horum
398 2827 599 2894 obstinatione
621 2829 789 2895 licentem
806 2829 967 2911 teneritas,
990 2829 1196 2892 constantium
1208 2843 1233 2884 ω

183 2917 318 2981 undam
338 2937 499 2999 praeceps,
527 2918 729 2998 eloquentium
750 2918 857 2983 inanis
879 2918 1029 2999 quaedam
1051 2917 1197 2980 imitatur

183 3004 314 3084 fluentia
339 3004 494 3086 loquendi,
520 3025 654 3087 qnorum
676 3007 793 3070 artium
814 3007 986 3084 scaevitate,
1011 3009 1049 3069 nt
1071 3003 1196 3068 Tullius

183 3092 348 3170 adseverat,
361 3092 451 3172 nefas
463 3094 696 3176 estreliyionem
708 3094 993 3176 decepiindicuntis.
1024 3093 1084 3156 Ait
1095 3093 1196 3156 enim:

183 3175 330 3264 Cumque
352 3179 436 3244 nihil
459 3182 528 3244 tam
550 3179 775 3265 incorruptum
798 3201 868 3246 esse
892 3181 1009 3246 debeat
1030 3180 1065 3243 in
1084 3200 1120 3243 rc
1137 3203 1195 3263 pu-

183 3264 272 3330 blica
294 3288 393 3350 quam
411 3268 612 3353 suffragium,
634 3290 732 3352 quam
751 3269 922 3353 sententia,
943 3290 1011 3334 non
1027 3267 1195 3352 intellego,
1208 3281 1235 3323 ³⁵

184 3374 255 3435 cur,
281 3353 337 3437 qui
360 3375 398 3418 ea
419 3356 556 3438 pecunia
579 3356 772 3440 corruperit,
794 3378 900 3439 poena
922 3356 1040 3442 dignus
1063 3354 1116 3439 sit,
1139 3355 1196 3438 qui

185 3440 381 3522 eloquentia,
399 3441 529 3506 laudem
547 3443 647 3507 ctiam
664 3443 758 3508 ferat.
792 3443 874 3508 Mihi
893 3443 1022 3528 quidem
1039 3442 1102 3507 hoc
1119 3442 1196 3526 plus
