2630 3890
341 117 408 173 Lis.
427 118 461 174 Η.
482 117 558 174 cAP.
578 125 692 174 ae-oo.
711 124 726 185 e
747 125 895 205 iro-mu.
1058 117 1123 181 241

114 263 202 348 quod
225 263 330 326 insani
354 285 413 327 sua
434 262 507 328 visa
529 262 705 328 coniectori
727 285 792 328 non
814 265 959 345 narrant,
981 265 1126 346 narrant,

114 352 172 436 qui
198 351 463 416 somniaverunt?
505 350 630 426 Quaero
660 350 773 434 etiam,
803 351 831 414 si
857 351 958 415 velim
986 351 1126 414 scribere

114 439 194 524 quid
221 442 278 503 ant
304 439 413 525 legere
441 442 498 503 aut
526 460 639 504 canere
665 440 718 503 vel
747 461 824 504 voce
852 440 904 504 vel
927 438 1045 502 fidibus
1069 441 1126 503 aut

115 527 349 614 geometricum
377 527 529 611 quiddam
557 530 614 592 aut
641 527 811 612 physicum
837 531 895 591 aut
922 527 1127 591 dialecticum

85 615 291 700 aexplieare,
319 615 522 680 somniumne
550 615 801 700 exspectandum
830 615 873 679 sit
897 636 939 679 an
962 637 1024 679 ars*
1039 615 1128 678 adhi-

116 703 236 788 benda3
263 703 332 768 sine
360 725 424 788 qua
450 703 534 768 nihil
557 725 668 768 earum
690 725 799 768 rerum
820 725 880 769 neo
902 703 974 767 fieri
994 725 1054 768 nec
1077 724 1128 767 ex·

114 791 221 877 pediri
249 795 368 876 potest.
413 792 529 875 Atqui,
556 814 597 856 ne
625 791 652 855 si
678 791 835 877 navigare
863 791 992 876 quidem
1019 791 1127 874 velim,

115 882 165 944 ita
187 880 380 966 gubernem,
407 883 445 944 ut
468 879 711 964 somniaverim3
735 900 892 968 praesens
915 879 1001 944 enim
1023 900 1127 964 poena

117 969 170 1033 sit.
209 965 271 1043 Qui
293 968 396 1054 igitur
418 967 569 1033 convenit
592 989 708 1053 aegros
731 989 752 1032 a
774 967 956 1033 coniectore
979 967 1184 1032 somnio-123

73 1075 102 1115 ιο
117 1079 191 1121 rum
220 1055 330 1141 potius
361 1078 456 1141 quam
489 1079 509 1119 a
535 1055 658 1120 medico
686 1058 796 1140 petere
824 1056 1038 1121 medicinam?
1074 1055 1129 1120 An

117 1142 342 1228 Aesculapius,
365 1166 408 1208 an
426 1141 555 1229 Serapis
578 1147 688 1228 potest
710 1143 805 1208 nobis
828 1144 1048 1229 praescribere
1070 1166 1129 1229 per

117 1255 268 1298 somnum
291 1232 492 1298 curationem
514 1232 723 1315 valetudinis,
750 1231 922 1316 Neptunus
947 1231 1129 1318 gubernan-

116 1322 206 1386 tibus
228 1342 295 1386 non
317 1321 448 1404 potest?
476 1324 509 1384 et
532 1320 561 1384 si
583 1320 652 1385 sine
675 1320 798 1386 medico
822 1320 1015 1386 medicinam
1038 1321 1129 1386 dabit
1198 1333 1201 1342 '

116 1409 278 1493 Minerva,
305 1406 418 1474 Musae
442 1408 616 1493 scribendi,
638 1408 781 1494 legendi,
804 1413 986 1474 ceterarum
1008 1411 1129 1474 artium

75 1516 102 1556 rs
118 1497 288 1562 scientiam
321 1497 558 1562 somniantibus
589 1519 656 1562 non
688 1496 833 1562 dabunt?
874 1497 921 1561 At
948 1498 977 1562 si
1004 1499 1128 1564 curatio

118 1587 250 1651 daretur
272 1586 478 1670 valetudinis,
500 1586 579 1651 haec
602 1607 738 1670 quoquo,
762 1608 844 1669 quae
863 1585 938 1670 dixi,
960 1587 1129 1670 detentum

119 1696 201 1758 quae
230 1673 383 1758 quoniam
409 1673 630 1758 mudantur,
657 1674 816 1738 medicina
839 1696 905 1739 non
928 1674 1037 1758 datur3
1065 1697 1129 1760 qua

119 1762 249 1828 sublata
271 1762 401 1827 tollitur
424 1763 530 1827 omnis
554 1762 731 1827 auctoritas
755 1763 964 1828 somniorum.

185 1848 248 1916 Sed
274 1851 355 1915 haec
379 1852 543 1935 [quoque]
556 1850 591 1914 in
620 1853 775 1935 promptu
800 1850 936 1934 fuerint3
964 1873 1049 1917 nunc
1071 1852 1118 1916 111.
1131 1820 1181 1946 162}

74 1957 103 1998 so
117 1939 240 2004 teriora
262 1938 438 2003 videamus.
474 1938 542 2003 Aut
565 1938 650 2004 enim
674 1939 783 2003 divina
805 1939 855 2004 vis
878 1940 1037 2022 quaedam
1056 1963 1128 2006 con-

118 2027 229 2092 sulens
252 2026 348 2091 nobis
371 2026 571 2092 somniorum
594 2026 848 2112 significationes
867 2027 956 2112 facit,
980 2032 1037 2094 aut
1056 2051 1129 2094 con-

118 2117 255 2180 iectores
284 2137 322 2179 ex
351 2115 492 2199 quadam
519 2115 743 2180 convenientia
772 2119 804 2180 et
827 2115 1051 2182 coniunctione
1074 2139 1130 2182 na·

118 2209 227 2288 turae,
265 2225 362 2287 quam
398 2206 516 2268 vocant
552 2200 781 2286 συμπάθειαν,
818 2204 895 2288 quid
932 2205 1046 2289 cuique
1082 2207 1130 2271 rei

119 2291 291 2358 conveniat
311 2294 362 2372 [ex
376 2291 535 2376 somniis]‚
553 2294 587 2356 et
606 2291 683 2375 quid
702 2313 862 2376 quamque
881 2315 949 2356 rem
966 2298 1129 2378 sequatur,

77 2380 325 2465 2⁵intelleg1mt,
348 2383 405 2445 aut
428 2401 539 2445 eorum
561 2383 712 2444 neutrum
736 2383 795 2464 est,
818 2381 873 2444 sed
897 2383 1055 2464 quaedam
1075 2383 1130 2461 ob·

121 2469 262 2533 servatio
286 2471 438 2533 constans
462 2471 559 2551 atque
583 2466 734 2532 diuturna
755 2473 817 2552 est,
837 2490 909 2533 oum
929 2469 1006 2552 quid
1024 2471 1129 2534 visum

120 2556 293 2621 seeundum
318 2557 460 2641 quietem
483 2556 536 2640 sit,
560 2555 637 2639 quid
660 2556 787 2621 evenire
810 2559 843 2620 et
866 2556 943 2641 quid
967 2559 1057 2641 sequi
1081 2579 1129 2622 so·

119 2645 195 2709 leat.
238 2643 386 2709 Primum
414 2644 516 2730 igitur
545 2645 801 2730 intellegendum
831 2648 881 2709 est
909 2646 1035 2710 nullam
1063 2647 1129 2710 vim

119 2753 190 2798 esse
213 2732 357 2797 divinam
375 2733 569 2798 effectricem
588 2733 796 2798 somniorum.
833 2732 942 2816 Atque
961 2733 1043 2797 illud
1063 2735 1130 2817 qui-

78 2837 105 2878 ω
119 2822 193 2885 dem
215 2820 420 2906 perspicuum
443 2825 507 2906 est,
533 2821 625 2885 nulla
652 2820 723 2885 visa
746 2821 946 2886 somniorum
968 2822 1130 2907 proficisci

119 2932 140 2975 a
166 2909 297 2973 numine
326 2909 472 2992 deorum3
500 2913 615 2974 nostra
638 2909 723 2973 enim
747 2931 844 2974 causa
867 2910 899 2974 di
922 2909 955 2974 id
977 2910 1130 2996 facerent,

117 2999 156 3062 ut
174 2997 344 3082 providere
361 2997 473 3061 futura
490 3018 669 3083 possemus,
702 2995 826 3072 Quotus
845 2998 947 3084 igitur
967 3004 1017 3063 est
1037 2999 1184 3083 quis-125

118 3107 195 3170 que,
223 3086 279 3171 qni
302 3086 437 3150 somniis
460 3090 588 3170 pareat,
613 3085 668 3170 qui
690 3085 875 3171 intellegat,
900 3087 955 3170 qui
978 3088 1129 3152 memine-

117 3174 184 3238 rit?
209 3195 306 3258 quam
329 3173 425 3238 multi
447 3195 533 3257 vero,
556 3173 612 3258 qui
635 3177 845 3238 contemnant
868 3197 1003 3259 eamque
1022 3198 1130 3261 super-

78 3277 105 3319 ⁸⁵
119 3262 287 3328 abitionem
309 3261 455 3327 inbecilli
474 3263 690 3346 animiatque
710 3262 806 3326 anilis
824 3264 954 3348 putent!
978 3262 1061 3338 Quid
1080 3268 1130 3329 est

117 3350 230 3436 igstm,
254 3371 311 3416 our
333 3349 385 3413 his
407 3349 595 3415 hominibus
619 3350 790 3415 consulens
814 3351 891 3415 deus
911 3353 1044 3417 somniis
1063 3375 1130 3418 mo-

117 3441 196 3504 neat
225 3459 295 3522 eos,
325 3437 381 3522 qui
407 3437 467 3502 illa
493 3459 559 3502 non
587 3438 683 3502 modo
711 3459 801 3522 cura,
832 3440 951 3505 sedne
974 3441 1127 3506 memoria

171 3557 226 3600 oro.
239 3557 274 3622 Iu
300 3560 319 3598 s.
883 3548 916 3598 lo
