2610 3894
343 173 410 230 LIB.
428 175 463 230 11.
491 174 565 228 CAP.
587 181 703 230 35-37.
727 181 743 242 5
763 180 878 230 89-95.
1076 175 1117 238 79

91 316 130 383 Si
157 319 294 403 quidem
315 340 376 384 nos
394 341 462 385 non
480 319 574 404 quasi
589 317 713 385 Graece
731 319 920 404 loquentem
940 319 1118 384 audiamus,

92 407 206 472 Docet
229 407 317 470 idern
340 407 406 473 alio
428 407 514 473 loeo:

192 529 419 616 Graiugena
441 530 483 595 de
506 531 608 597 istoc
632 532 761 616 aperit
783 497 869 618 ipsa
892 530 1028 598 oratio.

96 652 164 718 Sed
187 652 230 718 ad
252 653 378 719 maiora
399 653 577 719 redeamus.
618 653 669 719 111
693 655 824 720 aethere
846 655 950 742 igitur
971 656 1116 720 innume·
1135 667 1170 716 11

68 742 222 808 arabiles
250 741 401 806 flammae
430 742 573 808 siderum
595 743 771 828 exsistunt,
798 765 936 828 quorum
959 746 1009 808 est
1031 743 1119 827 prin·

91 852 177 916 ceps
211 830 262 897 sol
295 830 405 894 omnia
436 829 619 896 clarissima
648 831 720 897 luce
750 833 972 916 conlustrans,
1003 830 1117 896 multis

97 919 252 1004 partibus
283 919 388 984 maior
418 921 516 1003 atque
546 918 688 1004 amplior
715 941 814 1003 quam
841 924 930 985 terra
957 920 1118 1004 universa,

98 1006 217 1071 deinde
239 1007 365 1090 reliqua
384 1007 491 1072 sidera
508 1007 787 1092 magnitudinibus
806 1007 972 1074 inmensis,
1007 1008 1117 1092 Atque

97 1095 135 1160 hi
163 1095 251 1160 tanti
278 1095 372 1181 ignes
401 1099 531 1180 tamque
560 1096 658 1160 multi
684 1117 751 1161 non
774 1096 871 1161 modo
893 1096 977 1161 nihil
1001 1099 1119 1161 nocent

57 1205 85 1244 ro
99 1184 200 1248 terris
223 1183 385 1268 rebusque
412 1183 638 1269 terrestribus,
670 1184 727 1249 sed
754 1185 803 1249 111
828 1189 980 1270 prosunt,
1012 1188 1062 1269 ut,
1089 1184 1119 1249 si

99 1275 194 1337 mota
215 1271 288 1338 loco
312 1272 387 1357 sint,
410 1271 610 1358 conflagrare
632 1275 738 1337 terras
760 1294 892 1338 necesse
917 1274 961 1338 sit
979 1295 999 1337 1
1016 1272 1118 1337 tantis

100 1359 272 1426 ardoribus
295 1360 518 1426 moderatione
542 1364 576 1424 et
597 1361 834 1444 temperatione
858 1361 997 1427 sublata.

167 1464 232 1532 Hic
255 1487 316 1552 ego
338 1488 406 1531 non
429 1465 528 1530 mirer
551 1487 621 1532 esse
645 1487 854 1551 quemquam,
883 1468 939 1551 qui
961 1467 1026 1532 sibi
1047 1491 1119 1554 per·
1137 1505 1171 1554 93

101 1555 239 1620 suadeat
262 1576 401 1640 corpora
423 1554 583 1639 quaedam
606 1555 710 1620 solida
734 1559 831 1639 atque
850 1555 1068 1623 individuam
1087 1562 1120 1622 11

59 1661 85 1704 rs
101 1644 268 1730 gravitate
285 1643 374 1726 ferri,
393 1643 613 1727 mundumque
631 1643 716 1708 effici
735 1643 980 1710 ornatissimum
999 1648 1032 1709 et
1050 1646 1120 1730 pul·

101 1731 300 1798 cherrimum
328 1753 367 1796 ex
396 1753 508 1797 eorum
531 1753 703 1816 corporum
727 1732 937 1798 concursione
958 1732 1119 1799 fortuita?

100 1819 175 1886 Hoc
203 1820 259 1905 qui
286 1819 452 1885 existimat
478 1819 551 1884 fieri
576 1820 738 1905 potuisse,
769 1842 836 1886 non
858 1821 1030 1907 intellego,
1062 1844 1119 1888 cur

100 1930 170 1974 non
191 1908 278 1973 idem
300 1912 404 1993 putet,
427 1907 457 1972 si
479 1907 733 1974 innumerabiles
752 1908 847 1973 unius
866 1913 900 1974 et
918 1909 1037 1996 viginti
1055 1910 1119 1977 lor·

102 2018 175 2062 mae
199 1997 385 2062 litterarum
407 1996 461 2062 111
485 2018 601 2061 111111
624 1997 676 2062 111
701 1996 899 2082 qualeslibet
922 1999 1032 2084 aliquo
1057 1999 1119 2065 coi·

60 2087 241 2170 1111111111,
263 2107 360 2170 posse
384 2107 424 2150 ex
442 2084 483 2149 iis
501 2085 536 2149 in
554 2088 677 2150 terram
696 2086 838 2151 excussis
857 2087 991 2151 annales
1010 2086 1118 2173 Ennii,

101 2178 140 2238 ut
163 2173 313 2258 deinceps
337 2172 406 2259 legi
427 2172 566 2258 possint,
590 2173 688 2257 effici3
712 2174 798 2259 quod
813 2174 929 2246 nescio
954 2197 997 2240 an
1018 2197 1060 2240 ne
1083 2177 1118 2241 in

101 2284 169 2328 uno
193 2261 323 2347 quidem
346 2283 442 2326 versu
464 2261 572 2346 possit
593 2264 724 2327 tantum
747 2263 856 2328 valere
874 2263 1015 2329 fortuna.
1056 2263 1119 2329 Isti
1137 2273 1172 2322 ⁹4

102 2354 215 2416 autem
237 2371 333 2435 quem
353 2349 395 2415 ad
412 2350 546 2415 modum
565 2350 759 2416 adseverant
777 2373 815 2416 ex
834 2353 1034 2437 corpusculis
1053 2375 1119 2418 non

102 2439 226 2522 calore,
253 2460 321 2504 non
349 2439 510 2522 qualitate
539 2439 662 2524 aliqua,
690 2460 788 2524 quam
814 2437 975 2523 ποιότητα
1002 2439 1119 2506 Graeci

61 2546 88 2587 2⁵
102 2530 231 2612 vocant,
253 2549 321 2592 non
339 2549 436 2592 sensu
453 2526 621 2611 praeditis,
640 2526 696 2592 sed
716 2528 982 2593 concurrentibus
996 2531 1118 2593 temere

103 2620 202 2700 atque
222 2637 299 2681 casu
317 2615 473 2680 mundum
487 2637 562 2680 ‘esse
580 2614 770 2700 perfectum,
792 2615 846 2681 111
864 2616 1118 2682 innumerabiles

102 2704 213 2791 potius
236 2703 272 2769 in
295 2703 384 2770 omni
407 2707 528 2789 puncto
551 2704 709 2790 temporis
733 2704 815 2769 alios
837 2704 942 2789 nasci,
965 2705 1047 2769 alios
1071 2704 1118 2769 in·
1147 2761 1161 2786 ,

102 2792 225 2858 terire?
280 2790 403 2868 Quodsi
441 2792 597 2858 mundum
634 2791 760 2858 efficere
796 2795 907 2877 potest
943 2814 1118 2859 concursus

104 2884 303 2966 atomorum,
330 2903 387 2946 cur
410 2881 586 2966 porticum,
614 2881 867 2965 contemplum,
897 2891 954 2947 cur
977 2881 1119 2967 domum,

65 2989 91 3028 ³0
105 2991 162 3036 111
189 2970 305 3034 urbem
331 2992 398 3035 non
424 2969 557 3054 potest?
590 2991 672 3054 quae
695 2973 772 3034 sunt
795 2969 901 3034 minus
925 2991 1063 3055 operosa
1085 2974 1119 3037 et

103 3059 209 3123 multo
237 3057 367 3143 quidem
392 3057 550 3123 faciliora.
596 3055 692 3124 Oerte
719 3058 767 3122 ita
789 3060 912 3123 temere
936 3057 974 3122 de
997 3059 1117 3124 mundo

104 3145 264 3232 effutiunt,
286 3150 325 3211 ut
342 3146 424 3212 mihi
444 3145 574 3232 quidem
591 3167 771 3230 numquam
788 3145 873 3211 hunc
892 3146 1118 3214 admirabilem

104 3235 187 3302 11111
209 3238 375 3319 omatum,
399 3235 455 3320 qui
477 3235 568 3300 locus
593 3238 644 3299 est
666 3234 842 3319 proximus,
866 3235 1049 3322 suspexisse
1072 3237 1118 3302 11-

51 3366 53 3370 -
104 3324 249 3388 deantur.
300 3321 472 3389 Praeclare
509 3343 588 3408 ergo
620 3321 831 3388 Aristoteles:
870 3320 925 3389 ‘Si
962 3324 1118 3408 essent'‚
1136 3333 1169 3386 eo

67 3411 221 3496 uinquit,
245 3410 327 3496 ‘qui
351 3413 420 3477 sub
443 3415 551 3476 terra
574 3432 725 3495 semper
743 3411 1035 3478 habitavissent
1053 3413 1118 3479 bo·

103 3500 163 3566 nis
194 3503 232 3564 et
258 3499 499 3565 inlustribus
528 3499 755 3584 domiciliis,
783 3521 878 3585 quae
906 3504 1037 3566 essent
1059 3522 1118 3565 or·
