2578 3874
355 130 423 188 ΜΒ.
441 131 492 188 11].
510 130 585 188 οΑΡ.
605 138 684 188 4-7.
703 137 719 198 ς
739 139 833 189 e-11.
1031 133 1096 198 335

152 273 338 354 Carneades,
366 277 568 342 Academicue
594 281 689 342 sectae
711 275 924 360 philosophus,
951 278 1040 342 cuins
1061 280 1137 348 inb

83 365 256 430 disserendo
278 385 356 447 quae
376 366 424 430 eis
440 365 545 449 suerit,
567 386 644 447 quae
661 365 840 448 eloquentia,
862 366 943 447 quod
959 386 1095 444 ammon,

83 453 139 534 qui
159 454 263 530 nescit,
285 455 388 536 ipsum
405 473 443 518 en
454 455 685 536 praedicatione
703 453 858 518 Ciceronis
874 454 1025 536 intellepet
1040 460 1098 519 aut

83 541 211 618 Lucilii,
233 543 320 624 apud
340 561 428 623 quem
450 543 600 606 disserens
618 542 781 623 Neptunus
804 542 840 607 de
856 561 890 605 re
907 542 1096 623 difficillima
1219 623 1222 628 ¹

53 630 216 694 sostendit
239 650 303 694 non
323 649 413 711 posse
439 630 474 694 id
499 630 661 711 enple'cari,
689 629 772 694 ‘nee
800 629 833 694 si
860 627 1095 707 Carneadem

83 715 209 802 ipsum
232 715 351 782 Orcus
379 717 569 782 remittai'
593 754 635 765 -
660 719 687 782 is
711 739 780 782 uem
803 719 919 800 lepatus
940 719 979 782 ab
1002 719 1096 784 Athe·

83 806 242 870 niensibus
264 805 398 870 Romam
421 807 534 872 missen
556 812 638 890 esset,
661 807 830 888 disputarit
850 807 887 870 de
908 807 1030 871 iustitia
1051 827 1097 872 oo

77 895 168 977 piose
195 895 338 960 audiente
361 893 464 959 Galba
486 900 514 958 et
537 893 652 960 Catone
674 894 830 972 Censorio,
852 895 1002 960 marcianis
1024 900 1098 960 tuno

84 982 266 1047 oratoribus.
303 982 365 1047 Sed
385 984 466 1049 idem
488 984 725 1064 disputationem
746 1003 837 1048 suam
853 984 1005 1064 postridie
1027 1003 1096 1048 con·

43 1093 69 1130 ιο
85 1072 188 1135 traria
218 1071 425 1152 disperatione
450 1071 595 1136 subuertit
621 1075 651 1134 et
677 1072 842 1148 iustitiam,
876 1091 971 1152 quam
991 1073 1098 1152 pridie

84 1159 277 1242 denotaverat,
312 1160 439 1224 sustulit
476 1179 539 1224 non
574 1160 696 1240 quidem
726 1159 902 1241 philosophi
935 1161 1096 1244 pronitate,

84 1249 172 1313 onius
202 1248 297 1329 firma
326 1252 357 1313 et
381 1247 501 1312 stabilis
532 1248 615 1313 debet
647 1267 709 1313 esse
734 1249 897 1324 sententia,
928 1249 981 1312 sed
1006 1250 1097 1330 quasi

84 1337 219 1401 oratorio
246 1337 381 1401 enerdtii
400 1327 507 1418 penore
528 1337 565 1399 in
586 1339 888 1417 utramquepartem
910 1336 1096 1414 disserendi,·

83 1425 166 1507 puod
185 1425 238 1488 ille
257 1426 358 1506 facere
383 1424 504 1506 solebat,
525 1429 562 1487 nt
583 1425 662 1489 alios
679 1424 826 1506 quidlibet
842 1424 1012 1488 adserentes
1024 1445 1096 1506 pos·

42 1533 69 1573 1⁵
83 1517 130 1578 set
150 1513 292 1594 refutare.
332 1513 418 1577 Eam
439 1513 689 1594 disputationem,
716 1532 780 1593 qua
800 1513 923 1578 institia
944 1515 1097 1593 auertitur,

83 1602 170 1683 apud
191 1599 364 1666 Ciceronem
392 1601 430 1665 L.
452 1601 573 1665 Fuluius
599 1601 790 1678 recordatur,
820 1601 920 1678 credo,
948 1603 1096 1682 qnoniam

84 1692 122 1754 de
146 1690 322 1771 republica
345 1689 521 1767 disserebat,
548 1694 585 1753 nt
605 1690 812 1768 defensionem
832 1689 1098 1772 laudationemque
1209 1685 1218 1746 l

84 1779 151 1842 eius
172 1779 334 1855 induceret,
356 1779 424 1842 siue
445 1798 508 1860 qua
524 1778 658 1858 putabat
678 1778 743 1859 cepi
764 1797 828 1841 non
843 1797 933 1860 posse
954 1799 1020 1842 rem
1035 1801 1096 1861 pu·

84 1867 204 1931 blicam.
249 1864 423 1931 Carneades
451 1871 566 1943 autem,
596 1871 632 1929 ut
660 1866 855 1931 Aristotelem
883 1867 1032 1946 refelleret
1059 1889 1097 1932 ac

42 1975 69 2014 eo
84 1954 258 2032 Platonem,
279 1955 417 2019 institiae
434 1959 593 2036 patronos,
608 1955 718 2036 prium
739 1954 797 2018 illu
815 1955 1019 2036 disputatione
1036 1957 1096 2020 ool-

85 2043 158 2124 lepit
183 2063 220 2107 ea
246 2045 365 2126 omnia,
392 2064 470 2125 quae
493 2063 551 2124 pro
578 2044 700 2106 iustitia
721 2042 912 2120 dicebantur,
941 2048 978 2107 nt
992 2049 1096 2124 posset

85 2133 152 2209 illa,
169 2132 249 2196 sicut
261 2131 341 2212 fecit,
360 2137 494 2196 mutere.
517 2130 715 2211 (Lactantius
728 2133 799 2195 inst.
813 2132 872 2195 elic.
888 2131 973 2196 V14.
984 2133 1096 2215 3—5.)

151 2218 292 2285 Plurimi
314 2220 435 2301 quidem
451 2218 713 2302 pbilosophorum,
735 2221 789 2284 sed
804 2220 939 2283 manime
956 2219 1050 2284 Plato
1068 2225 1098 2284 et
1115 2200 1149 2327 ΞΟ

84 2308 264 2374 Aristoteles
292 2309 329 2372 de
353 2309 476 2374 tristitia
502 2309 602 2372 multa
628 2309 774 2372 diamant
798 2309 968 2372 adserentes
995 2313 1025 2372 et
1045 2329 1094 2372 ea-

42 2417 71 2458 n
86 2396 223 2462 tollentes
244 2417 312 2461 eam
333 2417 457 2461 summa
480 2397 570 2460 laude
590 2396 746 2473 uirtutem,
774 2397 857 2477 quod
876 2415 968 2460 suum
990 2397 1097 2477 nemete

85 2485 211 2568 tribuat,
233 2486 315 2566 quod
335 2487 517 2568 aequitatem
539 2485 575 2549 in
597 2485 737 2549 omnibns
758 2488 868 2560 sernet‚·
891 2488 1007 2548 etcum
1024 2489 1094 2548 cet·

84 2593 141 2637 rae
168 2575 294 2639 uirtutes
321 2575 412 2655 quasi
438 2573 548 2637 tacitae
574 2573 639 2637 sint
665 2578 695 2636 et
715 2573 801 2636 intus
822 2572 971 2656 inclusae,
998 2573 1096 2636 solam

85 2681 149 2726 esse
176 2663 342 2739 iustitiam,
372 2682 449 2744 quae
475 2681 529 2726 nec
555 2660 615 2726 sibi
641 2665 763 2725 tantum
791 2661 954 2724 conciliata
980 2661 1023 2724 sit
1043 2681 1097 2725 neo

85 2751 216 2828 ocenelta,
243 2751 296 2816 sed
322 2750 410 2831 foras
437 2754 501 2814 tota
516 2750 697 2831 promineat
716 2754 747 2814 et
766 2750 810 2814 ad
830 2749 1096 2829 benefaciendum

44 2837 949 3008 ³⁰tt?,tillttltbdtdtttillud
962 2837 1097 2990 llll

85 3035 150 3080 esse
170 3017 274 3080 debeat
295 3021 324 3080 et
343 3035 407 3080 non
428 3016 464 3078 in
472 2947 644 3080 mnibus!
670 2946 791 3095 deputo
812 3015 919 3079 nullus
941 3013 1147 3078 astioni-11
1239 3053 1241 3060 ‹

86 3125 164 3169 num
195 3125 233 3168 ne
265 3104 444 3184 indmomem
475 3105 596 3184 quidem
627 3123 665 3167 ac
691 3103 911 3180 mendicarunt,
944 3103 979 3166 in
1008 3123 1097 3184 quem

86 3194 209 3257 iustitia
227 3193 332 3256 cadere
349 3212 411 3256 nore
423 3193 530 3273 possit.
557 3190 621 3256 Sed
630 3191 706 3272 quia
718 3190 910 3273 ipnorabant,
927 3192 1004 3273 auid
1015 3196 1098 3271 esset,

45 3301 72 3340 ee
86 3283 170 3346 unde
186 3281 360 3364 produceret,
383 3281 458 3361 quid
479 3281 578 3362 operis
599 3279 728 3357 baberet,
749 3299 903 3344 summam
924 3280 1015 3344 illam
1036 3281 1097 3344 uir·

87 3375 191 3447 tutem,
212 3370 248 3432 id
268 3373 312 3434 est
328 3388 485 3433 commune
503 3369 641 3432 omnium
659 3367 779 3446 bonum,
796 3368 908 3449 paucis
926 3369 1100 3432 tribuerunt

85 3478 213 3539 eamque
239 3457 344 3522 neollas
370 3458 518 3521 utilitates
539 3457 689 3538 proprias
715 3457 879 3539 aucupari,
906 3457 959 3522 sed
984 3457 1097 3520 alienis
