2528 3880
194 141 260 206 278
551 140 601 194 DE
618 140 668 195 ΒΕ
685 139 841 196 PUBLIOA

194 307 268 351 oum
295 285 393 350 simul
421 306 564 351 essemus
587 284 763 371 compluris
786 285 868 368 dies,
894 284 1056 369 exposita,
1081 283 1116 348 in
1137 303 1194 366 qua

194 372 278 438 nihil
307 373 389 457 lere,
421 372 506 458 quod
537 394 658 458 magno
691 393 787 458 opere
819 372 861 436 ad
887 372 1032 438 rationes
1060 370 1194 437 omnium

195 483 304 526 rerum
325 461 512 546 pertineret,
534 467 580 526 est
599 460 874 545 praetermissum.

153 581 175 646 9
259 601 291 668 N
294 625 347 668 am
361 625 434 668 oum
447 600 482 666 P.
491 601 665 666 Africanus
679 600 741 684 hie,
753 600 849 665 Pauli
861 601 958 684 filius,
970 600 1063 667 feriis
1076 598 1194 664 Latinis

142 658 177 709 14
194 691 356 757 Tuditano
380 711 466 756 eons.
489 693 523 755 et
544 689 678 773 Aquilio
701 688 925 754 constituisset
946 689 983 754 in
1003 689 1110 754 hortis
1133 701 1225 752 esset

193 778 504 862 familiarissimique
528 777 596 843 eius
619 777 661 842 ad
683 798 756 842 eum
776 776 963 861 frequenter
980 799 1041 861 per
1060 798 1114 842 eos
1135 774 1195 840 dies

194 897 222 948 p.
232 869 297 950 273]
312 867 530 932 ventitaturos
545 887 580 930 se
594 885 664 930 esse
679 864 844 943 dixissent,
860 861 1002 951 {Latinis
1016 864 1098 950 ipsis
1109 883 1196 930 mane

195 957 236 1023 ad
249 977 324 1021 eum
337 954 461 1041 primus
475 953 596 1019 sororis
609 953 697 1017 filius
711 953 801 1017 venit
813 950 851 1027 Q.
864 951 1007 1036 'habero3
1021 975 1118 1038 quem
1131 973 1196 1018 eum

195 1043 331 1111 comiter
349 1040 457 1128 Scipio
480 1041 713 1127 appellavisset
730 1039 935 1125 libenterque
952 1040 1098 1124 vidisset,
1121 1037 1196 1116 Quid

194 1138 240 1216 tu,
257 1131 374 1216 inquit,
391 1134 460 1195 tam
479 1151 582 1214 mane,
601 1127 752 1193 Tubero?
775 1127 898 1193 dabant
916 1129 1004 1194 enim
1025 1130 1086 1194 hae
1103 1127 1195 1193 feriae
1206 1140 1225 1180 1⁰

194 1219 256 1286 tibi
283 1222 479 1304 oportunam
507 1239 584 1282 sane
611 1217 801 1282 facultatem
829 1216 871 1281 ad
898 1217 1107 1302 explicandas
1129 1220 1196 1281 tuas

193 1309 331 1373 litteras.
376 1305 460 1371 Tum
488 1306 558 1370 ille:
588 1303 671 1368 Mihi
699 1325 776 1369 vero
804 1325 900 1370 omne
927 1308 1058 1390 tempus
1087 1308 1136 1370 est
1161 1301 1197 1367 ad

194 1416 284 1463 meos
310 1395 414 1460 libros
441 1415 593 1478 vaouum3
619 1414 796 1477 numquam
824 1392 912 1458 enim
939 1397 1016 1458 sunt
1041 1393 1094 1457 illi
1116 1414 1197 1458 oceu-

193 1484 277 1571 pati3
303 1487 337 1548 te
360 1486 470 1548 autem
491 1485 706 1567 permagnum
729 1484 780 1545 est
801 1481 945 1546 nancisei
969 1481 1121 1564 otiosum,
1141 1481 1196 1544 hoo

193 1601 221 1653 p.
239 1574 305 1655 274]
332 1570 525 1656 praesertim
552 1573 645 1634 motu
669 1567 673 1652 Ι
697 1568 745 1634 rei
772 1569 931 1654 publicae.
972 1567 1057 1634 'lum
1084 1567 1196 1654 Soipio:
1207 1578 1225 1619 1⁵

194 1660 297 1744 Atqui
314 1662 429 1725 neotus
448 1679 492 1743 es,
511 1657 567 1722 sed
585 1655 767 1722 mehercule
785 1657 976 1722 otiosiorem
992 1678 1094 1743 opera
1106 1677 1196 1742 quam
1241 1711 1242 1716 ,

195 1748 312 1813 animo.
343 1747 388 1812 Et
405 1747 475 1812 ille:
498 1745 545 1810 At
562 1765 639 1810 vero
659 1744 804 1809 animum
822 1766 951 1829 quoque
970 1744 1097 1810 relaxes
1111 1765 1196 1830 opor·
1241 1813 1242 1816 Ἴ

195 1839 257 1919 tet3
280 1856 391 1900 sumus
409 1834 495 1900 enim
513 1833 619 1918 multi,
641 1835 679 1896 ut
696 1831 935 1918 constituimus,
957 1833 1077 1919 parati,
1100 1832 1129 1898 si
1144 1835 1196 1896 tuo
1241 1877 1242 1889 ,

194 1923 363 1990 commodo
385 1921 456 1988 fieri
476 1924 600 2008 potest,
628 1920 721 1985 abuti
743 1923 851 1986 teerun
872 1920 937 1987 hoo
959 1921 1038 1987 otio.
1074 1919 1131 1988 sd.
1150 1918 1197 1984 Ii·

194 2013 292 2077 bente
325 2032 377 2075 me
407 2031 498 2094 vero,
534 2012 572 2075 ut
603 2007 727 2092 aliquid
759 2007 934 2092 aliquando
967 2009 1007 2075 de
1040 2009 1225 2076 doetrinae

196 2099 312 2165 studiis
336 2099 576 2164 admoneamur.

143 2197 186 2261 10
261 2221 344 2287 Tum
370 2221 440 2286 ille:
466 2219 567 2286 Visne
593 2219 709 2306 igitur,
740 2220 894 2304 quoniam
922 2223 956 2285 et
984 2242 1037 2286 me
1065 2219 1195 2306 quodam

142 2273 176 2323 ¹⁶
194 2311 291 2377 modo
307 2309 429 2375 invitas
447 2308 548 2374 sttui
566 2329 657 2392 spem
676 2308 743 2391 das,
764 2307 827 2373 hoo
844 2308 997 2393 primurn,
1022 2302 1194 2391 Africana>

193 2428 222 2480 p.
241 2401 289 2481 97]
313 2397 489 2481 videamus,
511 2399 586 2461 ante
610 2417 708 2480 quam
730 2395 865 2460 veniunt
887 2396 954 2480 alii,
977 2397 1132 2481 quidnam
1149 2395 1194 2476 sit,
1240 2461 1241 2472 q

195 2488 234 2553 de
263 2487 329 2552 isto
362 2485 465 2550 altero
498 2484 567 2549 sole
599 2483 685 2568 quod
710 2483 898 2549 nuntiatum
926 2488 977 2549 est
1004 2485 1041 2549 in
1069 2482 1194 2550 senatu?
1205 2493 1241 2535 2⁵1

194 2571 528 2728 testatus
546 2572 1104 2726 111160ίέῗῖἒὲΓὲἀῖῗῖῖοὲῙῗιέιζιὶἷίῗγ
1119 2573 1195 2725 tl}
1240 2551 1241 2623 r

193 2751 280 2817 ratio
303 2710 486 2834 quaerenda
509 2746 561 2812 sit.
596 2746 660 2812 Hie
678 2745 799 2833 Scipio:
823 2745 928 2824 Quam
946 2749 1068 2814 vellem
1086 2683 1195 2814 anae

193 2839 278 2905 tium
303 2841 453 2903 nostrum
479 2835 650 2900 nobiseum
675 2834 883 2901 haberemus!
914 2836 1068 2921 quicum
1091 2840 1194 2916 oetera,

193 2931 266 2992 tum
293 2926 374 2991 haee
403 2923 557 2991 caelestia
582 2924 636 2989 vel
664 2923 901 2988 studiosissime
928 2924 1015 2990 solet
1043 2932 1223 3010 quaerere.³⁰

193 3043 221 3095 p.
240 3017 289 3096 33]
317 3012 380 3077 Sed
406 3033 481 3098 ego,
509 3010 651 3094 Tubero,
683 3008 774 3098 (narn
800 3014 908 3077 tecum
932 3013 939 3096 Ι
963 3017 1092 3098 aperte,
1121 3009 1195 3098 quod

195 3101 313 3184 sentio,
340 3097 471 3185 loquar)
497 3121 564 3165 non
585 3099 683 3164 nimis
707 3099 871 3164 adsentior
893 3099 929 3164 in
951 3100 1044 3166 omni
1065 3101 1130 3168 isto
1151 3120 1196 3186 ge
1239 3177 1240 3180 Ἴ

193 3211 270 3255 nere
301 3192 415 3253 nostro
446 3187 498 3252 illi
526 3187 696 3271 familiari,
728 3187 796 3272 qui,
829 3209 911 3272 quae
938 3188 993 3253 vix
1022 3189 1197 3256 oonieotura

195 3276 305 3361 qualia
328 3275 394 3340 sint
413 3297 587 3361 possumus
605 3275 772 3360 suspicari,
797 3274 843 3341 sio
861 3275 1024 3361 adfirmat,
1048 3281 1087 3344 ut
1105 3275 1196 3344 oeulis
1239 3285 1240 3355 g

195 3386 234 3429 ea
263 3385 392 3428 eernere
421 3364 569 3428 videatur
598 3367 655 3427 aut
684 3366 825 3428 tractare
854 3363 952 3448 plane
980 3387 1091 3431 manu
1134 3363 1227 3440 ouon

194 3451 294 3517 etiam
308 3451 537 3536 sapientiorem
552 3447 719 3515 Socratem
734 3451 824 3516 soleo
838 3450 989 3536 iudicare,
1005 3453 1063 3536 qui
1076 3471 1195 3519 ornnem
