2630 3890
390 180 458 235 LIB.
477 181 511 235 II.
531 180 607 236 cAP.
628 187 706 236 6-8.
726 187 741 247 θ
763 185 876 236 16-21.
1070 182 1135 248 203

121 324 225 390 fuerit
256 345 325 390 esse
354 323 501 390 futurum
530 328 602 390 rato
630 329 790 410 tempore,
818 347 900 409 quae
926 329 1036 410 potest
1065 349 1136 392 esse

122 413 282 479 fortuna?
305 435 370 498 qua
393 413 524 478 sublata
546 413 602 498 qui
624 413 714 478 locus
738 417 788 478 est
811 413 1024 479 divinationi?
1053 437 1135 500 quae

124 525 146 566 a
172 505 206 566 te
227 501 440 566 fortuitarum
462 523 571 566 rerum
595 504 645 567 est
668 501 754 567 dicta
776 502 972 586 praesensio.
1019 501 1136 578 Quam·

124 611 225 674 quam
243 589 373 655 dicebas
391 589 509 673 omnia,
528 611 610 674 quae
627 589 742 654 fierent
760 589 911 656 futurave
929 595 1047 675 essent,
1064 591 1135 657 fato
1220 657 1222 661 ,

94 677 293 744 acontiaeri.
338 677 436 743 Anile
468 699 545 743 sane
575 681 608 742 et
639 678 772 762 plenum
804 679 1046 764 superstitionis
1073 679 1136 744 fati

122 787 245 831 nomen
272 766 394 851 ipsum,
426 767 483 831 scd
509 771 620 832 tamen
647 767 733 851 apud
756 763 883 832 Stoicos
911 767 950 832 de
977 767 1042 832 isto
1063 767 1135 832 fato

124 854 232 920 multa
267 854 430 939 dicuntur,
467 854 505 918 de
542 876 605 939 quo
640 855 736 938 alias3
771 877 856 920 nunc
888 855 974 940 quod
1005 877 1175 973 necesse8

125 947 185 1008 est.
235 939 270 1007 Si
308 943 417 1008 omnia
447 943 531 1027 fato,
568 941 646 1027 quid
677 942 758 1007 mihi
790 943 947 1009 divinatio
980 944 1135 1028 prodest?
1154 985 1189 1034 20

124 1029 220 1106 Quod
253 1031 340 1096 enim
365 1031 409 1114 is,
441 1031 497 1116 qui
520 1030 657 1116 divinat,
683 1030 854 1116 praedicit,
884 1031 919 1096 id
945 1054 1022 1097 vero
1049 1031 1135 1098 futu·

83 1137 111 1176 ιο
125 1141 199 1184 rum
229 1123 293 1204 est,
322 1123 359 1184 ut
389 1141 430 1184 ne
457 1119 539 1184 illud
567 1118 696 1204 quidem
720 1119 820 1186 seiam
843 1120 940 1205 quale
963 1120 1020 1205 sit,
1049 1121 1137 1206 quod

124 1207 331 1293 Deiotarum,
361 1207 581 1273 necessarium
612 1211 775 1292 nostrum,
807 1231 846 1273 ex
877 1208 993 1273 itinere
1025 1210 1137 1294 aquila

123 1295 303 1380 revocavit3
333 1295 388 1379 qui
417 1295 481 1360 nisi
509 1295 712 1381 revertisset,
740 1296 775 1360 in
802 1318 839 1361 eo
862 1297 1009 1362 conclavi
1032 1297 1062 1362 ei
1085 1321 1136 1363 eu·

124 1385 269 1450 bandum
297 1383 427 1468 fuisset,
458 1384 544 1468 quod
570 1406 729 1470 proxuma
754 1388 850 1450 noete
875 1385 1011 1470 corruit3
1042 1386 1137 1451 ruina

124 1472 229 1558 igitur
252 1494 425 1557 oppressus
449 1476 543 1538 esset.
580 1471 627 1536 At
649 1472 682 1536 id
705 1493 817 1558 neque,
841 1474 869 1536 si
891 1473 997 1538 fatum
1019 1473 1136 1558 firerat,

84 1577 112 1618 1⁵
126 1560 295 1646 effugisset
317 1583 384 1644 nec,
408 1561 436 1625 si
460 1583 527 1626 non
548 1560 664 1645 fuerat,
686 1561 722 1625 in
740 1583 813 1626 eum
831 1552 942 1626 casum
960 1561 1136 1627 incidisset.

126 1648 211 1724 Quid
237 1670 315 1735 ergo
340 1649 472 1714 adiuvat
495 1649 676 1714 divinatio?
704 1652 760 1714 aut
784 1648 947 1734 quidest,
975 1650 1061 1734 quod
1083 1672 1135 1716 me

126 1741 281 1802 moneant
305 1741 361 1802 aut
384 1741 490 1802 sortes
514 1741 571 1802 aut
594 1741 669 1802 exta
692 1741 749 1801 aut
771 1737 841 1802 ulla
862 1737 1064 1823 praedictio?
1101 1736 1136 1803 Si
1175 1794 1177 1798 .

126 1825 213 1890 enim
239 1825 345 1891 fatum
371 1825 435 1890 fuit
458 1826 578 1891 classes
601 1825 716 1910 populi
738 1825 879 1890 Romani
901 1826 989 1891 bello
1012 1825 1134 1893 Punico

124 1914 241 1999 prime,
261 1914 399 1978 alteram
416 1913 597 1999 naufragio,
616 1914 754 1978 alteram
774 1936 795 1978 a
807 1913 924 1979 Poenis
940 1914 1135 1999 depressam,

85 2019 112 2059 20
125 2002 269 2086 interire,
294 2002 423 2066 etiamsi
445 2002 624 2086 tripudium
648 2002 855 2068 solistumum
876 2002 960 2086 pulli
982 2002 1136 2069 fecissent

124 2089 161 2156 L.
178 2089 273 2155 Iunio
292 2095 325 2154 et
342 2089 379 2155 P.
393 2088 529 2156 Claudio
548 2090 744 2174 consulibus,
767 2090 888 2155 classes
906 2093 1018 2156 tamen
1036 2091 1135 2157 inter-

124 2179 237 2246 issent.
274 2176 339 2262 Sin,
363 2201 436 2245 cum
460 2178 612 2264 auspiciis
636 2180 897 2263 obtemperatum
916 2183 1011 2264 esset,
1038 2180 1136 2245 inter-

125 2267 231 2332 iturae
250 2267 371 2332 classes
388 2288 454 2331 non
471 2266 611 2351 fuerunt,
631 2288 697 2331 non
714 2267 908 2332 interierunt
925 2266 1010 2352 fat03
1032 2268 1133 2334 vultis

127 2358 236 2420 autem
260 2355 369 2420 omnia
385 2355 475 2439 'fat03
496 2355 589 2420 nulla
610 2354 713 2442 igitur
735 2359 786 2420 est
807 2355 974 2421 divinatio.
1011 2353 1133 2431 Quodsi
1151 2371 1185 2419 21

87 2457 114 2500 2⁵
127 2443 232 2509 fatum
253 2443 318 2508 fuit
339 2442 428 2508 bello
445 2442 567 2508 Punico
591 2444 728 2508 secundo
748 2443 923 2508 exereitum
941 2444 1055 2529 populi
1072 2443 1135 2510 Ro-

126 2531 215 2597 mani
238 2531 279 2597 ad
302 2532 409 2596 lacum
432 2530 689 2596 Trasumennum
712 2531 858 2615 interire,
879 2553 959 2597 num
981 2531 1015 2597 id
1037 2531 1136 2597 vitari

127 2619 243 2705 potuit,
267 2619 295 2684 si
317 2618 497 2686 Flaminius
520 2620 633 2685 consul
655 2619 697 2685 iis
720 2619 823 2706 signis
845 2619 949 2703 iisque
973 2619 1136 2704 auspiciis,

128 2708 244 2792 quibus
270 2729 417 2794 pugnare
444 2707 692 2794 prohibebatur,
721 2707 906 2794 paruisset?
944 2705 1053 2788 [Certe
1080 2728 1136 2792 po·

128 2795 213 2878 tuit]
252 2795 320 2861 Aut
349 2796 451 2882 igitur
477 2817 543 2862 non
569 2796 639 2861 fato
662 2795 787 2860 interiit
810 2794 982 2880 exereitus,
1010 2798 1079 2880 aut,
1108 2795 1137 2860 si

89 2883 197 2949 corato
221 2881 322 2970 (quod
345 2888 432 2950 certe
454 2884 547 2950 vobis
570 2885 618 2949 ita
641 2883 809 2949 dicendum
832 2881 906 2970 est),
929 2883 1058 2949 etiamsi
1081 2883 1136 2950 ob·

128 2975 342 3058 temperasset
365 2972 526 3058 auspiciis,
549 2973 634 3037 idem
656 2975 845 3037 eventurum
862 2971 993 3056 fuisset3
1015 2973 1137 3037 mutari

128 3060 214 3125 enim
240 3060 311 3125 fata
332 3083 400 3126 non
420 3064 567 3146 possunt.
603 3059 670 3125 Ubi
692 3062 742 3125 est
766 3059 868 3145 igitur
890 3060 956 3124 ista
978 3059 1135 3128 divinatio

9 3138 13 3160 '
128 3145 331 3214 Stoicorum?
362 3171 458 3234 quae,
488 3149 516 3213 si
541 3148 611 3214 fato
640 3147 749 3214 omnia
771 3149 867 3233 fiunt,
894 3148 976 3213 nihil
998 3170 1059 3214 nos
1083 3150 1149 3236 ads

128 3254 258 3302 monere
275 3240 396 3322 potest,
413 3241 450 3302 ut
470 3237 630 3303 cautiores
649 3237 764 3322 simus3
787 3258 916 3322 quoquo
936 3236 1022 3302 enim
1040 3238 1136 3303 modo

91 3339 116 3381 ⁸⁵
128 3345 186 3390 nos
215 3325 425 3410 gesserimus,
451 3325 508 3390 fiet
534 3329 645 3390 tamen
671 3324 766 3409 illud,
795 3326 881 3409 quod
902 3324 1050 3391 futurum
1073 3329 1137 3411 est,

129 3411 180 3476 sin
207 3416 316 3478 autem
342 3413 377 3478 id
398 3416 509 3499 potest
531 3413 630 3498 flecti,
656 3413 784 3478 nullum
807 3415 857 3478 est
879 3413 998 3500 fatum,
1024 3414 1073 3480 ita
1095 3436 1136 3479 ne

130 3499 285 3566 diuinatio
316 3501 459 3586 quidem,
489 3501 642 3584 quoniam
669 3523 708 3567 ea
734 3523 843 3566 rerum
869 3501 1054 3568 futurarum
1078 3506 1137 3568 est.
