2580 3874
244 103 282 114 =·
371 82 815 150 marosas-asan.
958 139 964 152 ,
1080 81 1099 146 7

86 246 146 309 que
167 227 359 312 praeclaras
381 227 507 295 Latinis
531 229 630 294 etiam
652 228 773 294 litteris
797 228 969 311 contineri3
998 247 1100 310 eoque
1119 237 1136 286 8

13 345 17 392 r
87 335 136 380 me
163 315 275 382 minus
306 316 452 382 instituti
478 317 543 382 mei
565 317 725 403 paenitet,
754 316 841 400 quod
865 315 962 382 facile
985 315 1100 398 sentio,

88 424 183 486 quam
212 403 395 470 multorum
421 427 488 471 non
514 405 611 472 modo
635 405 790 489 discendi,
818 404 997 470 sedetiam
1024 403 1111 468 sori-f
1145 409 1150 416 ’
1275 461 1279 467 .

87 490 185 556 bandi
212 491 324 558 studia
351 494 590 560 commoverim
635 491 828 578 Complures
859 493 945 558 euim
968 490 1100 556 Graecis

64 578 352 648 §institutionibus
378 581 496 646 eruditi
526 605 579 666 ea,
601 603 684 667 quae
711 581 902 664 didicerant,
930 601 1004 646 cum
1026 579 1102 645 ciri·

87 666 147 732 bus
175 667 247 732 suis
274 669 512 736 communicare
538 692 605 736 nou
626 673 792 756 poteraut,
815 669 902 754 quod
924 669 996 752 illa,
1019 688 1102 752 quae

88 753 270 822 aGraeois
300 757 518 843 accepissent,¹
544 757 661 824 Latine
689 758 752 824 dici
782 779 879 842 posse
911 756 1103 822 diffiderent.

89 841 156 917 Quo
180 843 218 908 in
241 865 360 930 genere
382 849 513 914 tantum
535 846 711 932 proiecisse
728 846 885 930 ridemur,
906 849 946 910 ut
967 867 988 910 a
1005 842 1103 909 Gras-

89 931 132 996 cis
159 952 204 996 ne
231 933 407 1000 verborum
434 934 567 1019 quidem,
591 935 685 1020 copia
706 933 916 1000 vinceremur.
960 931 1138 998 Hortatae

55 1019 189 1084 uetiam
213 1025 274 1105 eat,
295 1025 334 1086 ut
356 1044 408 1088 me
431 1023 576 1090 adhaec
598 1022 787 1106 conferrem,
810 1022 911 1088 animi
933 1019 1103 1107 aegritudo

88 1106 242 1174 fortunae
270 1113 449 1196 magnast
478 1110 572 1197 gravi
601 1115 765 1177 commota
793 1110 925 1192 iniuria3
954 1109 1044 1175 cuius
1075 1107 1104 1174 si

88 1195 249 1261 maiorem
271 1197 416 1281 aliquam
439 1199 636 1266 levationem
657 1199 799 1284 reperire
821 1198 1016 1283 potuissem,
1037 1218 1104 1262 non

89 1283 129 1350 ad
151 1283 239 1350 hano
261 1279 473 1370 potissimum
495 1287 728 1373 confugissem3
755 1309 796 1352 ea
816 1308 894 1352 vero
917 1285 990 1370 ipsa
1010 1285 1105 1350 nulla

88 1371 218 1438 ratione
240 1373 358 1440 melius
379 1374 447 1442 frui
467 1375 576 1460 potui,
603 1397 702 1460 quam
725 1375 754 1440 si
776 1395 827 1440 me
854 1396 921 1440 non
942 1373 1039 1439 modo
1063 1372 1105 1438 ad

53 1477 76 1518 ¹⁵
88 1460 247 1546 legendos
278 1461 396 1547 libros,
428 1463 485 1528 sed
518 1464 619 1530 etiam
650 1463 693 1530 ad
723 1466 830 1528 totam
860 1461 1105 1548 philosophiam

87 1549 356 1632 pertractandam
387 1550 556 1618 dedissem.
601 1551 721 1618 Omnes
753 1555 863 1616 autem
893 1550 962 1616 eius
993 1553 1104 1635 partes

87 1640 188 1722 atque
215 1639 328 1706 omnia
354 1639 501 1706 membra
527 1643 599 1706 tum
624 1639 791 1705 facillume
812 1642 1005 1722 noscuntur,
1031 1660 1105 1705 cum

86 1727 179 1790 totae
204 1726 413 1810 quaestiones
437 1727 606 1794 scribendo
629 1728 847 1812 explicantem
869 1731 920 1793 est
943 1726 1030 1792 enim
1052 1725 1105 1791 ad-

86 1813 253 1880 mirabilis
272 1815 432 1900 quaedam
447 1815 648 1882 continuatio
667 1815 832 1900 seriesque
849 1836 966 1899 rerum,
984 1817 1022 1880 ut
1040 1814 1106 1880 alia

50 1919 74 1960 20
87 1923 128 1966 ex
154 1902 224 1968 alia
250 1925 337 1970 nexa
363 1907 396 1968 et
424 1902 536 1970 omnes
562 1904 650 1970 inter
674 1924 709 1970 se
737 1907 834 1989 aptae
857 1904 1105 1988 conligataeque

85 1989 271 2057 rideantur.
317 1990 380 2066 Qui
407 1996 518 2058 autem
539 1992 722 2076 requirunt,
750 1991 828 2076 quid
857 2013 985 2076 quaque
1008 1991 1047 2056 de
1070 2012 1105 2055 re
1124 1955 1160 2082 ᾖ)

84 2077 153 2162 ipsi
176 2079 368 2164 sentiamus,
391 2080 549 2146 curiosius
566 2080 601 2144 id
618 2079 751 2164 faciunt,
774 2101 872 2164 quam
890 2100 1020 2145 necesse
1039 2080 1105 2161 est3

85 2166 267 2234 nonenim
294 2171 365 2234 tam
388 2172 537 2234 auctores
558 2167 595 2234 in
622 2167 818 2252 disputando
842 2189 941 2253 quam
967 2165 1105 2232 rationis

86 2259 259 2320 momenta
281 2255 467 2341 quaerenda
488 2259 574 2321 sunt.
618 2254 704 2331 Quin
726 2256 829 2321 etiam
849 2256 944 2321 obest
965 2255 1106 2339 plerum·

50 2359 151 2427 aeqne
172 2343 231 2428 iis,
259 2343 317 2428 qui
339 2343 462 2408 discere
484 2343 613 2427 volunt,
641 2343 819 2410 auctoritas
843 2365 968 2426 eorum,
991 2341 1048 2425 qui
1070 2361 1105 2404 se

87 2431 206 2496 docere
231 2431 445 2532 profitentur3
471 2430 623 2496 desinunt
645 2431 731 2496 enim
757 2453 852 2498 suum
875 2429 1028 2514 iudicium
1052 2426 1105 2491 ad-

85 2517 217 2602 hibere,
238 2519 274 2584 rd
297 2517 423 2586 habent
444 2522 567 2604 ratum,
590 2519 677 2604 quod
699 2520 741 2585 ab
765 2541 813 2603 eo,
835 2540 932 2604 quem
954 2514 1106 2601 probant,

85 2605 271 2674 indicatum
300 2605 423 2673 rident.
467 2605 537 2672 Neo
565 2628 643 2674 vero
669 2607 809 2692 probare
832 2606 922 2670 soleo
944 2602 992 2685 id,
1019 2600 1106 2685 quod

86 2691 127 2761 de
149 2692 374 2782 Pythagoreis
398 2695 593 2780 accepimus,
617 2716 697 2779 quos
719 2694 839 2777 fenmt‚
861 2688 991 2775 siquid
1013 2687 1107 2753 adfir-

49 2787 220 2849 emmena
242 2783 278 2848 in
301 2781 508 2868 disputando,
530 2805 605 2849 cum
628 2783 736 2848 exeis
759 2782 979 2867 quaereretur,
1006 2796 1107 2860 quare

85 2873 136 2938 ita
167 2874 272 2955 asset,
303 2870 500 2956 respondere
531 2871 661 2937 solitos:
694 2869 797 2956 ‘Ipse
829 2864 977 2932 dixit'.·
1000 2861 1107 2947 ‘Ipse'

85 2963 201 3026 autem
224 2962 297 3025 erat
319 2958 538 3045 Pythagoras.
583 2957 725 3024 Tantum
752 2956 863 3043 opinio
885 2950 1110 3038 praeiudicata

85 3051 230 3135 poterat,
253 3050 293 3113 ut
316 3047 418 3112 etiam
436 3045 507 3111 sine
528 3046 656 3112 ratione
674 3047 800 3112 valeret
823 3039 1030 3138 auctoritas..
1046 3036 1111 3112 Qui
1131 3047 1163 3097 11

86 3141 200 3204 autem
229 3134 438 3202 admirantur
465 3155 526 3200 nos
555 3134 640 3200 hanc
665 3132 875 3219 potissimum
903 3125 1114 3209 disciplinam

50 3239 74 3282 ⁸⁵
87 3228 232 3309 secutos,
260 3223 303 3288 iis
332 3225 490 3308 quattuor
516 3221 718 3288 Academicis
748 3219 842 3285 libris
873 3214 957 3280 satis
980 3233 1116 3296 respon·

86 3335 157 3382 sum
180 3313 324 3380 videtur.
364 3309 437 3376 Neo
458 3331 535 3375 vero
559 3309 760 3376 desertarum
787 3305 1044 3380 relictarumque
1066 3320 1120 3398 re·

85 3423 158 3470 rum
180 3397 409 3489 patrocinium
432 3397 646 3483 suscepimus3
672 3417 739 3462 uon
761 3394 849 3460 enim
871 3386 1046 3456 hominum
1069 3407 1124 3450 m·
