2596 3882
370 99 436 157 ΜΒ.
454 101 489 157 11.
512 101 590 157 cAP.
609 107 707 160 e-lo.
733 104 877 168 §rr-18.
1059 101 1124 169 311

116 246 221 311 multo
249 246 349 311 etiam
372 245 478 331 magis
500 245 659 311 Romulus
682 250 815 330 patrum
837 247 1032 312 anctoritate
1054 268 1127 312 oon·

116 335 256 418 silioque
277 334 437 421 regnavit.

182 421 254 498 Quo
280 421 369 487 facto
396 422 538 507 primum
564 421 647 486 vidit
673 422 891 507 iudicavitque
914 423 1013 507 idem,
1041 402 1167 507 quod9

116 507 255 595 Spartae
277 509 444 596 Lycurgus
467 512 565 595 paulo
590 513 665 574 ante
687 508 823 594 viderat,
845 511 1006 596 singulari
1027 511 1128 595 impe
1147 479 1181 533 ²⁵

89 599 167 663 ario
195 602 229 662 et
254 602 419 683 potestate
446 599 538 685 regia
564 602 635 663 tum
663 599 779 663 melius
803 600 979 685 gubernari
1001 603 1034 664 et
1056 599 1129 686 regi

117 687 280 770 civitates,
312 687 341 751 si
368 690 455 751 esset
484 686 601 771 optimi
629 687 782 772 cuiusque
805 687 846 752 cd
868 687 962 752 illam
984 687 1052 753 vim
1075 689 1128 752 do·

117 774 306 839 minationis
340 775 490 840 adiuncta
522 775 708 840 auctoritas.
756 773 873 860 Itaque
903 774 965 840 hoc
992 775 1128 841 consilio

116 867 153 927 et
185 863 279 947 quasi
305 867 420 928 senatu
447 863 550 928 fultus
576 863 580 947 Ι
606 867 638 927 et
665 863 809 928 munitus
836 866 872 928 et
897 863 986 928 bella
1017 866 1057 944 [p.
1076 879 1128 928 238

118 973 192 1016 cum
222 951 371 1015 finitimis
402 951 589 1017 felicissimo
616 952 722 1016 multa
749 951 852 1037 gessit
878 955 925 1037 et,
959 974 1031 1017 eum
1058 952 1130 1036 ipse

79 1059 104 1098 ιο
118 1039 201 1102 nihil
229 1060 268 1103 ex
289 1039 411 1124 praeda
433 1039 565 1104 domum
589 1061 681 1104 suam
704 1043 901 1124 reportaret,
929 1041 1130 1125 locupletare

118 1127 198 1192 civis
216 1149 282 1192 non
301 1127 435 1192 destitit.
467 1127 559 1212 inm,
577 1125 611 1191 id
630 1148 693 1212 quo
708 1128 884 1192 retinemus
898 1128 994 1192 hodie
1008 1149 1130 1214 magna
1148 1141 1183 1194 16

118 1238 192 1280 cum
215 1216 321 1280 salute
342 1213 566 1299 reipublicae,
590 1216 742 1301 auspiciis
761 1215 938 1301 plurimum
957 1217 1130 1281 obsecutus

118 1307 170 1368 est
183 1303 352 1368 Romulus.
388 1300 475 1368 Nam
493 1304 624 1388 etipse,
643 1303 729 1388 quod
747 1304 943 1390 principium
961 1305 1008 1368 rei
1026 1305 1131 1389 publi·

117 1413 176 1458 cae
193 1391 266 1474 fuit,
288 1391 402 1456 urbem
421 1391 564 1457 condidit
582 1391 751 1476 auspicato
774 1396 807 1456 et
826 1393 976 1458 omnibus
990 1393 1130 1478 publicis

79 1500 105 1538 1⁵
118 1480 216 1545 rebus
239 1480 457 1563 instituendis,
480 1479 536 1564 qui
559 1479 623 1544 sibi
646 1483 754 1550 essent
772 1480 807 1544 in
825 1481 987 1565 auspiciis,
1010 1503 1050 1546 ex
1068 1482 1131 1545 sin-

119 1568 206 1654 gulis
232 1568 383 1632 tribubus
411 1566 568 1654 singullos
595 1568 763 1653 cooptavit
790 1590 930 1654 augures
958 1573 991 1634 et
1019 1572 1058 1650 [p.
1078 1585 1130 1634 239

118 1656 236 1721 habuit
254 1657 384 1742 plebem
398 1656 433 1720 in
447 1657 614 1721 clientelas
628 1656 812 1740 principum
826 1655 1132 1742 discriptam,(quod

119 1748 261 1829 quantae
278 1744 378 1809 fuerit
395 1745 543 1826 utilitati,
561 1748 637 1829 post
651 1743 776 1830 videro)
790 1746 977 1829 multaeque
992 1745 1131 1810 dictione

118 1833 230 1898 ovium
253 1836 287 1897 ct
309 1833 429 1898 bovum
452 1831 554 1917 (quod
576 1836 647 1896 tum
671 1837 742 1896 erat
764 1855 816 1897 res
838 1833 874 1897 in
896 1855 1012 1918 pecore
1035 1840 1068 1898 et
1086 1835 1133 1899 lo·

78 1941 232 1987 socerum
261 1921 534 2005 possessionibus,
565 1942 603 1985 ex
635 1943 699 2004 quo
730 1922 931 2005 pecuniosi
963 1926 995 1986 et
1028 1923 1132 1987 locu·

119 2011 249 2096 pletes
273 2007 498 2095 vocabantur),
520 2031 586 2074 non
608 2010 641 2073 vi
665 2013 698 2074 et
721 2010 889 2094 suppliciis
913 2011 1090 2075 coercebat.

186 2097 236 2163 Ac
260 2096 419 2162 Romulus
446 2119 520 2162 oum
547 2101 674 2182 septem
701 2101 735 2161 ct
761 2098 901 2183 triginta
927 2099 1116 2184 regnavisse

120 2207 223 2252 annos
256 2189 290 2251 et
317 2186 398 2262 hacc
425 2185 558 2271 egregia
585 2185 647 2251 duo
674 2185 881 2250 firmamenta
907 2187 956 2251 rei
982 2187 1132 2272 publicae

119 2274 314 2360 peperisset,
338 2275 343 2358 Ι
368 2273 513 2358 auspicia
539 2276 573 2338 ct
600 2278 762 2358 senatum,
789 2279 918 2339 tantum
947 2279 997 2339 est
1021 2277 1060 2355 [p.
1080 2291 1133 2339 240

80 2381 107 2422 ss
120 2365 321 2446 consecutus,
344 2366 390 2445 ut,
414 2383 486 2426 cum
510 2361 619 2426 subito
644 2362 712 2426 sole
735 2362 907 2427 obscurato
931 2385 997 2427 non
1018 2384 1133 2447 conpa-

120 2451 250 2534 ruisset,
269 2450 402 2516 deorum
420 2450 455 2514 in
472 2470 607 2514 numero
626 2451 813 2515 conlocatus
828 2455 1012 2535 putaretur3
1036 2472 1134 2534 quam

121 2539 308 2623 opinionem
331 2561 425 2603 nemo
445 2553 599 2621 umquam
618 2539 768 2602 mortalis
788 2538 921 2623 adsequi
939 2539 1048 2623 potuit
1065 2539 1134 2603 sine
1275 2611 1276 2616 η

121 2627 241 2693 eximia
269 2628 401 2692 virtutis
432 2627 558 2712 gloria.¹
592 2625 702 2711 Atque
731 2626 794 2691 hoc
823 2647 860 2691 eo
889 2625 995 2712 magis
1024 2627 1185 2692 0011018

122 2716 263 2781 Romulo
287 2715 526 2798 admirandum,
550 2714 636 2799 quod
659 2713 766 2799 ceteri,
790 2714 845 2798 qui
868 2713 913 2778 dii
936 2737 975 2778 ex
997 2715 1135 2779 homini·

81 2821 108 2863 so
122 2804 184 2869 bns
206 2803 287 2869 facti
310 2825 381 2869 esse
405 2804 563 2887 dicuntur,
587 2802 694 2867 minus
717 2801 852 2867 eruditis
875 2801 1045 2868 hominurn
1069 2823 1135 2868 sae

111 2891 203 2957 ¹culis
225 2891 367 2976 fuerunt,
390 2895 428 2955 ut
449 2889 602 2976 finlgendi
625 2891 779 2975 proclivis
802 2894 888 2955 esset
905 2891 1001 2974 ratio,
1024 2893 1066 2972 [p.
1083 2906 1133 2955 241

121 3002 196 3047 eum
210 2980 355 3064 imperiti
367 2978 465 3044 facile
482 2980 524 3043 ad
537 2978 731 3044 credendum
745 2979 988 3063 inpellerentur,
1002 2979 1136 3045 Romuli
1269 2995 1271 3066 fl

122 3072 233 3134 autem
256 3071 399 3132 aetatem
423 3068 530 3132 minus
553 3066 605 3131 his
630 3068 785 3131 sescentis
809 3067 902 3132 annis
925 3067 992 3132 iam
1015 3067 1136 3133 invete

122 3157 204 3221 ratis
234 3156 355 3220 litteris
379 3159 477 3240 atque
501 3155 657 3220 doctrinis
681 3155 833 3238 omnique
855 3155 914 3220 illo
938 3155 1073 3240 antiquo
1096 3177 1136 3220 ex
1266 3211 1268 3241 ,

82 3262 109 3304 rc
123 3245 247 3309 inculta
274 3244 444 3308 hominum
467 3243 536 3308 vita
558 3265 667 3308 errore
690 3243 820 3308 sublato
842 3243 943 3308 fuisse
967 3245 1136 3310 cernimus.
1264 3291 1267 3328 ,

123 3331 210 3398 Nem
238 3332 279 3416 si,
308 3331 342 3396 id
370 3332 457 3415 quod
485 3331 682 3397 Graecorum
709 3331 927 3416 investigatur
954 3332 1136 3416 annalibus,
1263 3333 1266 3404 l

123 3420 229 3486 Roma
251 3420 384 3486 condita
402 3425 453 3484 est
472 3419 611 3484 secundo
632 3441 717 3484 anno
737 3419 939 3504 Olympiadis
959 3424 1136 3505 septumae,
