2578 3874
228 205 293 268 388
626 201 675 256 DE
694 201 847 257 LEGLBUS

228 352 303 414 ante
325 351 405 413 nata
427 350 478 412 est
496 368 593 429 quam
613 347 736 431 scripta
752 347 806 411 lex
824 346 894 411 ulla
913 350 971 410 aut
989 369 1087 430 quam
1106 346 1239 410 omnino

175 450 209 498 ιο
228 437 342 502 civitas
366 435 554 501 constituta.
588 434 623 514 Q.
642 432 850 500 Commodius
869 457 947 500 vero
967 438 1000 498 et
1018 435 1060 498 ad
1077 435 1240 498 rationem

227 524 372 590 instituti
404 523 562 588 sermonis
590 523 778 607 sapientius.
822 524 871 588 M.
897 521 1000 587 Visne
1027 543 1106 608 ergo
1135 522 1239 608 ipsius

226 614 306 678 iuris
330 617 439 677 ortum
462 634 482 676 a
502 610 594 676 fonte
616 615 708 696 repet
694 611 825 676 tamus?
849 633 912 695 quo
935 611 1068 675 invento
1091 632 1161 675 non
1180 611 1240 675 erit

228 701 375 784 dubium,
408 721 473 784 quo
505 699 571 763 sint
602 699 683 764 haec
714 699 895 783 referenda,
929 720 1011 783 quae
1044 700 1238 783 quaerimus.
1251 716 1280 766 ⁵,

228 791 262 871 Q.
282 789 355 874 Ego
377 810 455 854 vero
473 787 500 851 it
503 810 522 852 a
541 807 610 851 esse
628 786 811 852 faciendum
829 809 953 852 censeo.
989 788 1066 852 Αιι.
1088 786 1144 851 Me
1165 809 1240 872 quo

227 899 289 962 que
321 877 468 942 adscribe
495 875 608 940 fratris
637 875 826 940 sententiae.
872 877 920 941 M
948 873 1109 950 Quoniam
1136 875 1240 961 igitur

227 966 295 1031 eius
318 965 366 1029 rei
388 964 548 1050 publicae,
572 985 670 1047 quam
693 967 863 1048 optumam
886 984 957 1028 esee
981 963 1123 1028 docuit
1113 985 1151 1028 m
1173 964 1239 1028 illis
1279 967 1280 1030 ]

227 1075 283 1118 sex
305 1052 400 1118 libris
415 1049 531 1137 Scipio,
554 1052 712 1117 tenendus
736 1055 786 1116 est
808 1051 905 1117 nobis
924 1055 958 1116 et
975 1051 1157 1116 servandus
1177 1055 1240 1116 sta

226 1146 281 1207 tus
309 1161 485 1224 omnesque
511 1140 602 1226 leges
629 1138 926 1204 adcommodandae
949 1139 991 1204 ad
1012 1140 1096 1204 illud
1128 1139 1272 1205 civitam

196 1303 198 1311 ᾗ
226 1231 271 1294 tis
299 1250 416 1315 genus,
446 1227 573 1294 serendi
609 1228 709 1293 etiam
740 1250 847 1293 mores
878 1250 939 1294 nec
970 1227 1102 1314 seriptis
1130 1228 1242 1294 omnia

210 1317 413 1401 sancienda,
439 1320 586 1401 repetam
611 1316 749 1401 stirpem
770 1316 851 1380 iuris
875 1338 895 1381 a
916 1319 1049 1400 natura,
1072 1339 1138 1400 qua
1162 1317 1241 1382 duce

226 1406 321 1472 nobis
337 1404 442 1470 omnis
458 1408 509 1470 est
523 1405 701 1489 disputatio
716 1405 915 1490 explicanda.
946 1406 1022 1472 Αιι.
1036 1404 1242 1489 Rectissime,

227 1499 262 1560 et
284 1493 414 1579 quidem
436 1493 503 1557 ista
525 1493 604 1558 duce
627 1493 729 1558 errari
751 1493 841 1558 nullo
865 1497 961 1577 pacto
984 1496 1104 1578 potest.

293 1583 341 1648 M.
364 1581 474 1646 Dasnc
496 1581 599 1667 igitur
617 1581 680 1646 hoc
696 1581 800 1666 nobis,
823 1580 993 1666 Pomponi,
1016 1579 1108 1666 (nam
1127 1579 1241 1657 Quinti
1253 1569 1280 1639 ιι1

227 1671 304 1735 novi
327 1667 537 1756 sententiam)
562 1669 696 1734 deorum
717 1669 942 1734 inmortalium
964 1670 1011 1754 vi,
1034 1674 1169 1754 natura,
1194 1693 1241 1736 ra·

226 1759 329 1842 tione,
355 1761 534 1843 potestate,
556 1761 678 1841 mente,
700 1757 847 1842 numine,
875 1758 944 1823 siue
968 1757 1053 1842 quod
1076 1761 1128 1822 est
1151 1758 1242 1824 aliud
1271 1787 1272 1792 ¹

228 1847 377 1930 uerbum,
404 1868 469 1930 quo
491 1846 623 1931 planius
645 1845 838 1931 significem,
866 1845 953 1930 quod
974 1845 1064 1929 vole,
1086 1849 1242 1911 naturam
1275 1853 1280 1880 “

228 1956 356 1999 omnem
383 1934 476 2020 regi?
508 1955 586 1998 nam
613 1933 642 1997 si
668 1933 730 1998 hoc
757 1955 823 1999 non
849 1935 984 2019 probas,
1011 1934 1054 1999 ab
1081 1955 1120 2000 eo
1143 1935 1241 2000 nobis

227 2044 326 2088 causa
348 2021 502 2087 ordienda
525 2025 575 2086 est
598 2021 815 2105 potissimum.
850 2023 927 2088 Αιι.
949 2021 1002 2087 Βο
1026 2043 1112 2106 sane,
1136 2022 1167 2086 si
1185 2039 1274 2108 po·2⁰

228 2111 347 2193 etuias,
370 2110 490 2175 etenim
512 2113 648 2194 propter
669 2108 756 2174 hunc
778 2114 968 2175 concentum
992 2111 1101 2176 avium
1124 2112 1242 2196 strepi·

226 2202 361 2282 tumque
381 2197 550 2262 fluminum
567 2219 634 2262 non
651 2218 773 2282 vereor,
794 2199 1088 2283 condiscipulorum
1104 2219 1147 2264 ne
1167 2200 1241 2284 quis

183 2325 184 2330 κ
227 2287 387 2352 exaudiat.
432 2286 480 2350 M
507 2285 611 2370 Atqui
638 2286 814 2351 cavendum
842 2290 907 2372 est,
939 2287 1047 2352 solent
1074 2287 1175 2372 enim,
1206 2288 1242 2352 id

228 2375 314 2459 quod
336 2375 481 2440 virorum
502 2374 663 2440 bonorum
681 2377 741 2458 est,
764 2373 965 2440 admodum'
955 2375 1062 2459 irasci,
1083 2397 1143 2440 nec
1161 2397 1240 2442 vero

226 2462 391 2547 ferent,
365 2484 395 2527 si
417 2462 615 2527 audierintt
563 2465 633 2527 tte
656 2462 798 2547 primum
817 2467 916 2548 caput
934 2463 1012 2528 libri
1030 2462 1149 2550 optimi
1165 2479 1276 2549 pro-¹⁵

227 2550 388 2636 didisse,
377 2572 414 2616 ιιι
431 2572 494 2634 quo
518 2549 650 2635 scripsit
672 2551 754 2615 nihil
777 2572 891 2616 curare
913 2551 1009 2616 deum
1030 2573 1091 2617 nec
1111 2551 1163 2616 sui
1180 2574 1242 2618 nec

174 2650 207 2700 ιι
228 2639 333 2704 alieni.
364 2638 441 2704 Αιι.
454 2638 568 2725 Perge,
587 2660 722 2723 quaes03
744 2661 820 2704 nam
838 2639 881 2722 id,
900 2639 987 2724 quod
1004 2639 1067 2704 tibi
1086 2640 1242 2725 concessi,

227 2747 365 2811 quorsus
393 2727 568 2811 pertineat,
596 2731 739 2812 expecto
782 2727 830 2793 M
852 2726 929 2793 Non
950 2728 1070 2794 faciam
1093 2729 1242 2815 longius3

226 2815 290 2880 huc
313 2814 400 2879 enim
422 2815 573 2899 pertinet,
597 2814 718 2880 animal
739 2815 802 2882 hoc
818 2816 999 2901 providum,
1023 2837 1135 2903 sagax,
1157 2817 1242 2881 mul·

225 2903 342 2988 tiplex,
374 2906 519 2987 acutum,
550 2924 688 2989 memor,
714 2904 847 2989 plenum
873 2904 1012 2970 rationis
1039 2908 1073 2969 et
1100 2905 1240 2990 consilii,
1253 2921 1280 2960 ιι

226 3013 323 3075 quem
341 3011 494 3056 vocamus
512 2990 687 3075 hominem,
706 2993 876 3076 praeclara
893 2992 1035 3078 quadam
1051 2993 1241 3058 condicione

227 3082 418 3163 generatum
446 3099 516 3144 csse
544 3101 564 3144 a
590 3101 741 3164 supremo
769 3080 842 3164 de03
874 3081 981 3146 solum
1008 3084 1060 3146 est
1086 3081 1174 3146 enim
1202 3103 1243 3147 ex

226 3169 278 3232 tot
301 3166 517 3231 animantium
540 3168 712 3252 generibus
736 3171 833 3252 atque
855 3169 983 3234 naturis
1005 3169 1242 3254 particepsra

226 3252 325 3318 tionis
345 3257 379 3319 et
397 3253 616 3340 cogitationis,
636 3277 734 3340 quom
752 3259 861 3321 cetera
879 3257 946 3322 sint
960 3257 1070 3322 omnia
1083 3259 1240 3343 expertia.

228 3338 311 3414 Quid
338 3345 389 3405 est
416 3346 526 3406 autem
551 3364 619 3408 non
646 3343 786 3408 dicam
777 3365 812 3408 ιιι
838 3344 985 3430 homine,
1012 3345 1101 3410 sed
1091 3367 1126 3409 ιιι
1150 3346 1276 3411 cmni³⁶

174 1637 207 1686 21

228 3427 317 3492 caelo
336 3431 434 3511 atque
452 3433 541 3494 terra
559 3431 685 3496 ratione
705 3431 867 3497 divinius?
886 3455 969 3517 quae
982 3455 1081 3517 quom
1096 3432 1242 3501 adolevit

176 3523 209 3572 ca
228 3516 327 3597 atque
348 3515 494 3598 perfecta
516 3521 575 3602 est,
596 3519 784 3584 nominatur
806 3520 869 3584 rite
892 3521 1063 3606 sapientia
1099 3521 1192 3587 Est
1181 3523 1242 3608 rgi-
1273 3499 1280 3566 l
