2610 3894
228 185 273 249 66
538 183 588 239 DE
607 183 762 239 NATURA
779 183 936 240 DEORUM

229 328 405 415 sphaeram
432 328 550 394 stellae
575 327 759 394 inerrantes
782 329 824 394 ab
848 327 995 394 aetheria
1016 327 1245 394 coniunctione

229 422 389 484 secretam
416 420 450 482 et
476 416 624 482 liberam.
668 417 793 482 Earum
817 421 927 482 autem
948 437 1109 502 perennes
1132 437 1245 482 cursus

229 509 328 591 atque
350 505 501 591 perpetui
523 527 598 571 cum
620 504 807 571 admirabili
829 504 1077 590 incredibilique
1095 507 1246 570 constan·

228 594 278 660 tia
300 594 468 660 declarant
489 593 525 658 in
546 592 599 658 his
621 593 690 658 uim
713 597 747 658 et
769 596 912 659 mentem
932 614 1002 658 esse
1021 592 1178 679 divinam,
1200 596 1246 674 ut,

228 683 310 748 haec
330 683 405 768 ipsa
423 682 479 768 qui
496 704 564 747 non
582 682 704 747 sentiat
722 682 857 747 deorum
873 682 943 746 vim
960 681 1090 764 habere,
1113 681 1144 746 is
1162 681 1245 746 nihil
1265 699 1283 746 ε,

175 785 210 835 56
230 771 364 836 omnino
388 791 542 836 sensurus
565 791 637 835 esse
658 770 817 836 videatur.
852 767 956 835 Nulla
978 769 1082 856 igitur
1100 769 1137 834 in
1156 770 1245 835 caelo

228 880 289 924 nec
310 858 445 924 fortuna
466 881 527 924 nec
548 858 718 924 temeritas
739 880 801 924 nec
823 858 944 924 erratio
967 880 1028 924 nec
1048 857 1183 924 vanitas
1201 859 1246 922 in·

230 950 282 1026 est
304 949 481 1032 contraque
505 947 611 1012 omnis
635 947 730 1031 ordo,
757 947 894 1032 veritas,
921 946 1021 1030 ratio,
1044 947 1246 1028 constantim

230 1055 377 1120 quaeque
395 1035 448 1099 his
465 1038 586 1100 vacant
603 1036 762 1101 ementita
779 1038 813 1100 et
830 1035 917 1101 falsa
933 1035 1095 1121 plenaque
1114 1035 1245 1116 erroris,
1282 1057 1283 1070 ¹

230 1143 270 1188 ea
296 1123 418 1189 circum
444 1126 551 1189 terras
578 1122 666 1189 infra
691 1125 819 1208 lunam,
847 1145 930 1209 quae
957 1123 1103 1189 omnium
1126 1124 1246 1188 ultima
1257 1142 1273 1178 1⁰

230 1213 290 1294 est,
313 1210 349 1276 in
369 1211 531 1297 terrisque
553 1215 736 1278 versantur.
781 1209 981 1278 Caelestium
1004 1233 1083 1298 crgo
1107 1212 1245 1278 admira-

229 1298 331 1364 bilem
358 1299 505 1365 ordinem
530 1299 818 1386 incredibilemque
846 1300 1079 1385 constantiam,
1112 1322 1153 1365 ex
1184 1322 1246 1384 qua

230 1388 434 1454 conservatio
464 1391 498 1454 et
528 1389 616 1453 salua
647 1389 793 1455 omnium
823 1389 928 1454 omnis
958 1389 1076 1472 oritur,
1106 1389 1165 1473 qui
1194 1411 1245 1453 va·

229 1496 304 1541 care
336 1481 445 1542 mente
476 1479 587 1562 putat,
618 1477 648 1543 is
679 1477 750 1563 ipse
782 1478 902 1542 mentis
932 1498 1047 1563 expers
1074 1476 1245 1542 habendus

175 1587 210 1637 5⁷
230 1567 289 1629 cst.
334 1562 432 1630 Haud
460 1587 552 1652 ergo,
581 1568 620 1630 ut
647 1567 776 1651 opinor,
806 1587 971 1650 erravero,
1001 1565 1030 1630 si
1053 1588 1074 1631 a
1095 1566 1245 1651 principe
1257 1581 1272 1620 1⁵

228 1652 476 1806 ipvestigandae
497 1653 649 1720 veritatis
672 1655 769 1719 huius
792 1653 1024 1740 disputationis
1046 1654 1245 1740 principium

252 1763 384 1812 uxero..

175 1832 219 1897 22
296 1828 383 1896 Zeno
401 1831 505 1917 igitur
522 1832 675 1895 naturam
688 1830 738 1895 ita
751 1829 873 1916 definit,
891 1833 930 1896 ut
943 1853 1017 1896 eam
1031 1831 1119 1897 dicat
1132 1831 1245 1918 ignem

229 1939 301 1983 esse
335 1919 562 2003 artificiosum,
594 1917 636 1983 ad
664 1918 863 2005 gignendum
889 1919 1155 2006 progredientem
1183 1919 1245 1985 via.

230 2005 349 2072 Censet
376 2007 463 2072 enim
493 2007 574 2071 artis
604 2028 755 2090 maxume
781 2007 952 2094 proprium
979 2029 1050 2073 esse
1078 2030 1191 2074 creare
1215 2012 1272 2073 ctu

230 2095 378 2182 gignere3
405 2095 556 2181 quodque
582 2095 618 2160 in
646 2095 798 2180 operibus
821 2099 1010 2161 nostrarum
1033 2097 1156 2161 artium
1179 2119 1245 2162 ma-

228 2205 290 2248 nus
314 2183 444 2269 efficiat,
466 2184 501 2249 id
523 2184 629 2250 multo
652 2184 861 2249 artificiosius
879 2187 1032 2250 naturam
1051 2183 1191 2269 efficere,
1213 2185 1244 2249 id

230 2275 294 2357 cst,
325 2275 364 2337 ut
391 2271 470 2358 dixi,
502 2272 614 2360 ignem
641 2272 866 2357 artificiosum,
898 2273 1095 2360 magistrum
1123 2274 1244 2340 artium

228 2361 438 2444 reliquarum.
474 2360 585 2447 Atque
606 2361 669 2427 hac
692 2361 822 2444 quidem
844 2361 971 2427 ratione
995 2362 1101 2427 omnis
1124 2366 1244 2428 natura
1280 2425 1281 2428 ,

230 2449 408 2516 artificiosa
438 2453 502 2535 est,
535 2448 622 2535 quod
653 2448 755 2514 habet
782 2450 876 2534 quasi
903 2449 991 2515 viam
1019 2450 1186 2535 quandam
1213 2453 1243 2515 et
1255 2463 1279 2518 ιε,

158 2550 212 2605 ,68
232 2542 366 2623 sectam,
390 2560 488 2624 quam
507 2542 671 2623 sequatur.
706 2536 814 2622 Ipsius
828 2559 906 2604 vero
920 2538 1041 2623 mundi,
1065 2540 1122 2624 qui
1136 2539 1243 2605 omnia

229 2628 389 2713 conplexu
407 2649 467 2693 suo
486 2629 613 2692 co‘e'rcet
627 2629 661 2691 et
674 2627 829 2711 continet,
850 2631 970 2692 natura
983 2649 1050 2692 non
1064 2628 1241 2694 artificiosa

229 2716 350 2799 solum,
383 2715 440 2781 sed
470 2714 569 2801 plane
598 2712 716 2780 artifex
748 2715 790 2780 ab
820 2715 934 2781 eodem
961 2714 1090 2781 Zenone
1118 2716 1241 2798 dicitur,
1279 2721 1280 2786 ι

228 2803 410 2870 consultrix
450 2806 485 2868 et
523 2803 660 2888 provida
695 2803 879 2868 utilitatum
919 2804 1241 2890 oportunitatumque

229 2893 383 2957 omnium.
432 2891 543 2975 Atque
575 2894 612 2957 ut
643 2894 769 2957 ceterae
800 2895 937 2957 naturae
969 2893 1037 2958 suis
1066 2894 1272 2958 seminibuso

229 2979 1243 3156 dututur‘tudtdttttttdtldttutstt
1278 3029 1279 3080 ³

229 3153 460 3240 adpetitioncS,
490 3176 571 3240 quas
599 3149 705 3241 ὁρμάς
728 3154 844 3222 Graeci
870 3161 1004 3243 vocant,
1033 3161 1066 3223 ct
1093 3157 1148 3224 his
1174 3182 1244 3227 oon-

229 3246 403 3308 sentaneas
434 3243 578 3308 actiones
609 3243 656 3309 ric
685 3243 832 3328 adhibet,
861 3248 899 3310 ut
924 3249 1055 3312 nosmet
1077 3246 1159 3332 ipsi,
1192 3248 1244 3334 qui

229 3330 347 3395 animis
366 3352 535 3396 movemur
553 3333 587 3396 et
607 3331 765 3397 sensibus.
802 3332 893 3398 Talis
908 3334 1012 3420 igitur
1025 3356 1118 3400 mens
1132 3337 1278 3404 mundis}

229 3439 302 3484 cum
330 3417 374 3482 sit
401 3419 443 3483 ob
474 3440 609 3503 eamque
636 3440 768 3485 causam
790 3421 844 3486 vel
866 3422 1040 3507 prudentia
1060 3424 1115 3489 vel
1138 3424 1244 3510 provi·

228 3505 339 3570 dentia
369 3505 530 3591 appellari
560 3508 647 3571 recte
677 3508 784 3592 possit
816 3507 953 3592 (Graece
982 3510 1069 3576 enim
1098 3509 1243 3597 πρόνοια
1276 3513 1278 3587 l
