<?xml version="1.0" encoding="UTF-8"?>
<!DOCTYPE html PUBLIC "-//W3C//DTD XHTML 1.0 Transitional//EN"
    "http://www.w3.org/TR/xhtml1/DTD/xhtml1-transitional.dtd">
<html xmlns="http://www.w3.org/1999/xhtml" xml:lang="en" lang="en">
 <head>
  <title>
</title>
<meta http-equiv="Content-Type" content="text/html;charset=utf-8" />
  <meta name='ocr-system' content='tesseract 3.04.00' />
  <meta name='ocr-capabilities' content='ocr_page ocr_carea ocr_par ocr_line ocrx_word'/>
</head>
<body>
  <div class='ocr_page' id='page_1' title='image "./scriptaquaemans02mullgoog_0334.png"; bbox 0 0 2596 3882; ppageno 0'>
   <div class='ocr_carea' id='block_1_1' title="bbox 387 153 1112 219">
    <p class='ocr_par' dir='ltr' id='par_1_1' title="bbox 387 153 1112 219">
     <span class='ocr_line' id='line_1_1' title="bbox 387 153 1112 219; baseline 0.012 -11"><span class='ocrx_word' id='word_1_1' title='bbox 387 153 455 209; x_wconf 75' lang='grc' dir='ltr'>ΜΒ.</span> <span class='ocrx_word' id='word_1_2' title='bbox 473 154 495 207; x_wconf 90' lang='lat'>1.</span> <span class='ocrx_word' id='word_1_3' title='bbox 514 153 591 208; x_wconf 84' lang='lat' dir='ltr'>oAP.</span> <span class='ocrx_word' id='word_1_4' title='bbox 610 159 688 212; x_wconf 83' lang='lat' dir='ltr'>s-s.</span> <span class='ocrx_word' id='word_1_5' title='bbox 711 160 726 219; x_wconf 69' lang='lat' dir='ltr'>s</span> <span class='ocrx_word' id='word_1_6' title='bbox 745 161 840 209; x_wconf 82' lang='lat' dir='ltr'>o-1a</span> <span class='ocrx_word' id='word_1_7' title='bbox 1049 153 1112 218; x_wconf 72' lang='lat'>277</span> 
     </span>
    </p>
   </div>
   <div class='ocr_carea' id='block_1_2' title="bbox 66 297 1170 3467">
    <p class='ocr_par' dir='ltr' id='par_1_2' title="bbox 105 297 1116 649">
     <span class='ocr_line' id='line_1_2' title="bbox 106 297 1115 383; baseline 0 -21"><span class='ocrx_word' id='word_1_8' title='bbox 106 300 158 362; x_wconf 87' lang='lat' dir='ltr'>est</span> <span class='ocrx_word' id='word_1_9' title='bbox 182 297 287 362; x_wconf 90' lang='lat' dir='ltr'>multo</span> <span class='ocrx_word' id='word_1_10' title='bbox 310 297 500 383; x_wconf 83' lang='lat' dir='ltr'>proelirius,</span> <span class='ocrx_word' id='word_1_11' title='bbox 526 297 619 362; x_wconf 90' lang='lat' dir='ltr'>nulla</span> <span class='ocrx_word' id='word_1_12' title='bbox 640 298 834 363; x_wconf 76' lang='lat' dir='ltr'>necessitate</span> <span class='ocrx_word' id='word_1_13' title='bbox 856 301 1023 383; x_wconf 77' lang='lat' dir='ltr'>premente</span> <span class='ocrx_word' id='word_1_14' title='bbox 1045 319 1115 362; x_wconf 91' lang='lat' dir='ltr'>rem</span> 
     </span>
     <span class='ocr_line' id='line_1_3' title="bbox 105 385 1115 471; baseline 0 -21"><span class='ocrx_word' id='word_1_15' title='bbox 105 385 273 469; x_wconf 77' lang='lat' dir='ltr'>publicam</span> <span class='ocrx_word' id='word_1_16' title='bbox 300 406 413 471; x_wconf 83' lang='lat' dir='ltr'>regere</span> <span class='ocrx_word' id='word_1_17' title='bbox 439 385 594 450; x_wconf 78' lang='lat' dir='ltr'>nesciant.</span> <span class='ocrx_word' id='word_1_18' title='bbox 635 385 806 470; x_wconf 80' lang='lat' dir='ltr'>Equidem,</span> <span class='ocrx_word' id='word_1_19' title='bbox 834 390 871 450; x_wconf 92' lang='lat' dir='ltr'>ut</span> <span class='ocrx_word' id='word_1_20' title='bbox 893 408 1006 451; x_wconf 84' lang='lat' dir='ltr'>verum</span> <span class='ocrx_word' id='word_1_21' title='bbox 1029 389 1115 454; x_wconf 88' lang='lat' dir='ltr'>esset</span> 
     </span>
     <span class='ocr_line' id='line_1_4' title="bbox 106 473 1116 558; baseline 0.001 -21"><span class='ocrx_word' id='word_1_22' title='bbox 106 494 167 538; x_wconf 87' lang='lat' dir='ltr'>sua</span> <span class='ocrx_word' id='word_1_23' title='bbox 193 473 363 538; x_wconf 83' lang='lat' dir='ltr'>voluntate</span> <span class='ocrx_word' id='word_1_24' title='bbox 392 474 571 558; x_wconf 89' lang='lat' dir='ltr'>sapientem</span> <span class='ocrx_word' id='word_1_25' title='bbox 599 473 788 538; x_wconf 84' lang='lat' dir='ltr'>descendere</span> <span class='ocrx_word' id='word_1_26' title='bbox 811 475 853 539; x_wconf 87' lang='lat' dir='ltr'>ad</span> <span class='ocrx_word' id='word_1_27' title='bbox 874 473 1018 540; x_wconf 90' lang='lat' dir='ltr'>rationes</span> <span class='ocrx_word' id='word_1_28' title='bbox 1042 474 1116 539; x_wconf 84' lang='lat' dir='ltr'>eivi-</span> 
     </span>
     <span class='ocr_line' id='line_1_5' title="bbox 106 558 1114 648; baseline 0 -22"><span class='ocrx_word' id='word_1_29' title='bbox 106 562 187 626; x_wconf 90' lang='lat' dir='ltr'>tatis</span> <span class='ocrx_word' id='word_1_30' title='bbox 219 581 286 626; x_wconf 90' lang='lat' dir='ltr'>non</span> <span class='ocrx_word' id='word_1_31' title='bbox 312 562 432 646; x_wconf 87' lang='lat' dir='ltr'>solere,</span> <span class='ocrx_word' id='word_1_32' title='bbox 464 561 515 626; x_wconf 91' lang='lat' dir='ltr'>sin</span> <span class='ocrx_word' id='word_1_33' title='bbox 542 564 651 626; x_wconf 88' lang='lat' dir='ltr'>autem</span> <span class='ocrx_word' id='word_1_34' title='bbox 677 562 879 647; x_wconf 89' lang='lat' dir='ltr'>temporibus</span> <span class='ocrx_word' id='word_1_35' title='bbox 907 565 1085 648; x_wconf 80' lang='lat' dir='ltr'>cogeretur,</span> <span class='ocrx_word' id='word_1_36' title='bbox 1110 558 1114 636; x_wconf 92' lang='grc' dir='ltr'>Ι</span> 
     </span>
    </p>

    <p class='ocr_par' dir='ltr' id='par_1_3' title="bbox 78 649 1117 999">
     <span class='ocr_line' id='line_1_6' title="bbox 78 649 1116 734; baseline 0.005 -25"><span class='ocrx_word' id='word_1_37' title='bbox 78 653 179 714; x_wconf 79' lang='lat' dir='ltr'>stum</span> <span class='ocrx_word' id='word_1_38' title='bbox 197 649 232 714; x_wconf 90' lang='lat' dir='ltr'>id</span> <span class='ocrx_word' id='word_1_39' title='bbox 249 671 366 715; x_wconf 90' lang='lat' dir='ltr'>munus</span> <span class='ocrx_word' id='word_1_40' title='bbox 386 649 522 734; x_wconf 90' lang='lat' dir='ltr'>denique</span> <span class='ocrx_word' id='word_1_41' title='bbox 540 671 606 714; x_wconf 94' lang='lat' dir='ltr'>non</span> <span class='ocrx_word' id='word_1_42' title='bbox 620 671 776 733; x_wconf 84' lang='lat' dir='ltr'>recusare,</span> <span class='ocrx_word' id='word_1_43' title='bbox 799 653 910 714; x_wconf 89' lang='lat' dir='ltr'>tamen</span> <span class='ocrx_word' id='word_1_44' title='bbox 923 650 1007 714; x_wconf 83' lang='lat' dir='ltr'>arbi·</span> <span class='ocrx_word' id='word_1_45' title='bbox 1026 651 1066 731; x_wconf 89' lang='lat' dir='ltr'>[p.</span> <span class='ocrx_word' id='word_1_46' title='bbox 1082 666 1116 718; x_wconf 81' lang='lat' dir='ltr'>so</span> 
     </span>
     <span class='ocr_line' id='line_1_7' title="bbox 106 736 1117 824; baseline 0.001 -23"><span class='ocrx_word' id='word_1_47' title='bbox 106 741 213 802; x_wconf 90' lang='lat' dir='ltr'>trarer</span> <span class='ocrx_word' id='word_1_48' title='bbox 230 736 316 802; x_wconf 89' lang='lat' dir='ltr'>hano</span> <span class='ocrx_word' id='word_1_49' title='bbox 333 758 442 802; x_wconf 88' lang='lat' dir='ltr'>rerum</span> <span class='ocrx_word' id='word_1_50' title='bbox 460 737 604 803; x_wconf 80' lang='lat' dir='ltr'>civilium</span> <span class='ocrx_word' id='word_1_51' title='bbox 622 737 754 802; x_wconf 89' lang='lat' dir='ltr'>minime</span> <span class='ocrx_word' id='word_1_52' title='bbox 767 737 1003 824; x_wconf 80' lang='lat' dir='ltr'>neglegendam</span> <span class='ocrx_word' id='word_1_53' title='bbox 1017 739 1117 803; x_wconf 89' lang='lat' dir='ltr'>soien-</span> 
     </span>
     <span class='ocr_line' id='line_1_8' title="bbox 107 825 1117 911; baseline 0.002 -22"><span class='ocrx_word' id='word_1_54' title='bbox 107 825 190 890; x_wconf 82' lang='lat' dir='ltr'>tiam</span> <span class='ocrx_word' id='word_1_55' title='bbox 217 825 371 910; x_wconf 84' lang='lat' dir='ltr'>sapienti,</span> <span class='ocrx_word' id='word_1_56' title='bbox 397 829 571 910; x_wconf 87' lang='lat' dir='ltr'>propterea</span> <span class='ocrx_word' id='word_1_57' title='bbox 599 825 684 909; x_wconf 89' lang='lat' dir='ltr'>quod</span> <span class='ocrx_word' id='word_1_58' title='bbox 712 825 820 891; x_wconf 91' lang='lat' dir='ltr'>omnia</span> <span class='ocrx_word' id='word_1_59' title='bbox 843 829 952 891; x_wconf 88' lang='lat' dir='ltr'>essent</span> <span class='ocrx_word' id='word_1_60' title='bbox 975 825 1004 891; x_wconf 90' lang='lat' dir='ltr'>ei</span> <span class='ocrx_word' id='word_1_61' title='bbox 1025 848 1117 911; x_wconf 79' lang='lat' dir='ltr'>prae</span> 
     </span>
     <span class='ocr_line' id='line_1_9' title="bbox 107 913 1116 999; baseline 0 -21"><span class='ocrx_word' id='word_1_62' title='bbox 107 913 262 999; x_wconf 86' lang='lat' dir='ltr'>paranda,</span> <span class='ocrx_word' id='word_1_63' title='bbox 281 913 398 997; x_wconf 88' lang='lat' dir='ltr'>quibus</span> <span class='ocrx_word' id='word_1_64' title='bbox 417 913 557 978; x_wconf 89' lang='lat' dir='ltr'>nesoiret</span> <span class='ocrx_word' id='word_1_65' title='bbox 572 935 613 976; x_wconf 91' lang='lat' dir='ltr'>an</span> <span class='ocrx_word' id='word_1_66' title='bbox 628 913 800 996; x_wconf 90' lang='lat' dir='ltr'>aliquando</span> <span class='ocrx_word' id='word_1_67' title='bbox 815 915 864 978; x_wconf 91' lang='lat' dir='ltr'>uti</span> <span class='ocrx_word' id='word_1_68' title='bbox 877 936 1007 978; x_wconf 89' lang='lat' dir='ltr'>neeesse</span> <span class='ocrx_word' id='word_1_69' title='bbox 1022 919 1116 979; x_wconf 88' lang='lat' dir='ltr'>esset.</span> 
     </span>
    </p>

    <p class='ocr_par' dir='ltr' id='par_1_4' title="bbox 174 973 1169 1101">
     <span class='ocr_line' id='line_1_10' title="bbox 174 973 1169 1101; baseline 0 -35"><span class='ocrx_word' id='word_1_70' title='bbox 174 999 265 1066; x_wconf 87' lang='lat' dir='ltr'>Haeo</span> <span class='ocrx_word' id='word_1_71' title='bbox 295 1001 445 1088; x_wconf 90' lang='lat' dir='ltr'>pluribus</span> <span class='ocrx_word' id='word_1_72' title='bbox 478 1023 498 1066; x_wconf 91' lang='lat' dir='ltr'>a</span> <span class='ocrx_word' id='word_1_73' title='bbox 529 1023 580 1065; x_wconf 92' lang='lat' dir='ltr'>me</span> <span class='ocrx_word' id='word_1_74' title='bbox 613 1001 720 1065; x_wconf 89' lang='lat' dir='ltr'>verbis</span> <span class='ocrx_word' id='word_1_75' title='bbox 753 1002 839 1066; x_wconf 84' lang='lat' dir='ltr'>dieta</span> <span class='ocrx_word' id='word_1_76' title='bbox 871 1006 947 1066; x_wconf 89' lang='lat' dir='ltr'>sunt</span> <span class='ocrx_word' id='word_1_77' title='bbox 975 1003 1016 1068; x_wconf 95' lang='lat' dir='ltr'>ob</span> <span class='ocrx_word' id='word_1_78' title='bbox 1045 973 1169 1101; x_wconf 67' lang='lat' dir='ltr'>eam17,</span> 
     </span>
    </p>

    <p class='ocr_par' dir='ltr' id='par_1_5' title="bbox 67 1088 1118 1528">
     <span class='ocr_line' id='line_1_11' title="bbox 67 1088 1118 1175; baseline 0 -20"><span class='ocrx_word' id='word_1_79' title='bbox 67 1108 94 1148; x_wconf 87' lang='lat'>10</span> <span class='ocrx_word' id='word_1_80' title='bbox 108 1111 250 1173; x_wconf 88' lang='lat' dir='ltr'>eausam,</span> <span class='ocrx_word' id='word_1_81' title='bbox 271 1088 357 1174; x_wconf 93' lang='lat' dir='ltr'>quod</span> <span class='ocrx_word' id='word_1_82' title='bbox 374 1089 427 1153; x_wconf 90' lang='lat' dir='ltr'>his</span> <span class='ocrx_word' id='word_1_83' title='bbox 445 1089 539 1154; x_wconf 88' lang='lat' dir='ltr'>libris</span> <span class='ocrx_word' id='word_1_84' title='bbox 558 1092 629 1154; x_wconf 90' lang='lat' dir='ltr'>erat</span> <span class='ocrx_word' id='word_1_85' title='bbox 645 1089 798 1154; x_wconf 90' lang='lat' dir='ltr'>instituta</span> <span class='ocrx_word' id='word_1_86' title='bbox 817 1094 849 1155; x_wconf 89' lang='lat' dir='ltr'>et</span> <span class='ocrx_word' id='word_1_87' title='bbox 867 1093 1018 1175; x_wconf 84' lang='lat' dir='ltr'>suscepta</span> <span class='ocrx_word' id='word_1_88' title='bbox 1036 1090 1118 1156; x_wconf 89' lang='lat' dir='ltr'>mihi</span> 
     </span>
     <span class='ocr_line' id='line_1_12' title="bbox 108 1177 1118 1263; baseline -0.001 -20"><span class='ocrx_word' id='word_1_89' title='bbox 108 1179 148 1243; x_wconf 91' lang='lat' dir='ltr'>de</span> <span class='ocrx_word' id='word_1_90' title='bbox 174 1199 210 1242; x_wconf 89' lang='lat' dir='ltr'>re</span> <span class='ocrx_word' id='word_1_91' title='bbox 237 1177 369 1262; x_wconf 88' lang='lat' dir='ltr'>publiea</span> <span class='ocrx_word' id='word_1_92' title='bbox 397 1177 589 1262; x_wconf 81' lang='lat' dir='ltr'>disputatio3</span> <span class='ocrx_word' id='word_1_93' title='bbox 618 1199 699 1260; x_wconf 91' lang='lat' dir='ltr'>quae</span> <span class='ocrx_word' id='word_1_94' title='bbox 724 1199 765 1241; x_wconf 93' lang='lat' dir='ltr'>ne</span> <span class='ocrx_word' id='word_1_95' title='bbox 786 1178 911 1242; x_wconf 82' lang='lat' dir='ltr'>frustra</span> <span class='ocrx_word' id='word_1_96' title='bbox 933 1179 1118 1263; x_wconf 83' lang='lat' dir='ltr'>haberetur,</span> 
     </span>
     <span class='ocr_line' id='line_1_13' title="bbox 108 1263 1116 1352; baseline 0.002 -22"><span class='ocrx_word' id='word_1_97' title='bbox 108 1266 345 1331; x_wconf 87' lang='lat' dir='ltr'>dubitationem</span> <span class='ocrx_word' id='word_1_98' title='bbox 369 1266 410 1330; x_wconf 90' lang='lat' dir='ltr'>ad</span> <span class='ocrx_word' id='word_1_99' title='bbox 432 1287 501 1330; x_wconf 90' lang='lat' dir='ltr'>rem</span> <span class='ocrx_word' id='word_1_100' title='bbox 523 1265 688 1351; x_wconf 83' lang='lat' dir='ltr'>publicam</span> <span class='ocrx_word' id='word_1_101' title='bbox 711 1263 858 1352; x_wconf 72' lang='lat' dir='ltr'>adeunldi</span> <span class='ocrx_word' id='word_1_102' title='bbox 878 1267 914 1330; x_wconf 89' lang='lat' dir='ltr'>in</span> <span class='ocrx_word' id='word_1_103' title='bbox 935 1267 1000 1351; x_wconf 91' lang='lat' dir='ltr'>pri·</span> <span class='ocrx_word' id='word_1_104' title='bbox 1023 1269 1063 1348; x_wconf 88' lang='lat' dir='ltr'>[p.</span> <span class='ocrx_word' id='word_1_105' title='bbox 1083 1283 1116 1332; x_wconf 77' lang='lat'>‘19</span> 
     </span>
     <span class='ocr_line' id='line_1_14' title="bbox 108 1352 1117 1440; baseline 0.001 -21"><span class='ocrx_word' id='word_1_106' title='bbox 108 1355 171 1419; x_wconf 90' lang='lat' dir='ltr'>mis</span> <span class='ocrx_word' id='word_1_107' title='bbox 195 1354 291 1419; x_wconf 93' lang='lat' dir='ltr'>debui</span> <span class='ocrx_word' id='word_1_108' title='bbox 313 1354 439 1420; x_wconf 85' lang='lat' dir='ltr'>tollere.</span> <span class='ocrx_word' id='word_1_109' title='bbox 484 1353 534 1418; x_wconf 89' lang='lat' dir='ltr'>Ao</span> <span class='ocrx_word' id='word_1_110' title='bbox 555 1357 667 1418; x_wconf 89' lang='lat' dir='ltr'>tamen</span> <span class='ocrx_word' id='word_1_111' title='bbox 689 1352 718 1418; x_wconf 92' lang='lat' dir='ltr'>si</span> <span class='ocrx_word' id='word_1_112' title='bbox 740 1354 795 1438; x_wconf 92' lang='lat' dir='ltr'>qui</span> <span class='ocrx_word' id='word_1_113' title='bbox 818 1358 907 1437; x_wconf 87' lang='lat' dir='ltr'>sunt,</span> <span class='ocrx_word' id='word_1_114' title='bbox 936 1355 991 1439; x_wconf 89' lang='lat' dir='ltr'>qui</span> <span class='ocrx_word' id='word_1_115' title='bbox 1013 1355 1117 1440; x_wconf 91' lang='lat' dir='ltr'>philo-</span> 
     </span>
     <span class='ocr_line' id='line_1_15' title="bbox 109 1441 1117 1528; baseline -0.001 -20"><span class='ocrx_word' id='word_1_116' title='bbox 109 1442 288 1528; x_wconf 90' lang='lat' dir='ltr'>sophorum</span> <span class='ocrx_word' id='word_1_117' title='bbox 307 1441 502 1507; x_wconf 84' lang='lat' dir='ltr'>auctoritate</span> <span class='ocrx_word' id='word_1_118' title='bbox 520 1444 721 1525; x_wconf 84' lang='lat' dir='ltr'>moveantur,</span> <span class='ocrx_word' id='word_1_119' title='bbox 744 1441 821 1506; x_wconf 94' lang='lat' dir='ltr'>dent</span> <span class='ocrx_word' id='word_1_120' title='bbox 840 1465 972 1528; x_wconf 86' lang='lat' dir='ltr'>operam</span> <span class='ocrx_word' id='word_1_121' title='bbox 989 1465 1117 1528; x_wconf 77' lang='lat' dir='ltr'>parum·</span> 
     </span>
    </p>

    <p class='ocr_par' dir='ltr' id='par_1_6' title="bbox 68 1531 1119 1968">
     <span class='ocr_line' id='line_1_16' title="bbox 68 1531 1117 1616; baseline 0.005 -27"><span class='ocrx_word' id='word_1_122' title='bbox 68 1549 94 1590; x_wconf 78' lang='lat'>1⁵</span> <span class='ocrx_word' id='word_1_123' title='bbox 108 1553 168 1616; x_wconf 90' lang='lat' dir='ltr'>per</span> <span class='ocrx_word' id='word_1_124' title='bbox 190 1534 287 1614; x_wconf 89' lang='lat' dir='ltr'>atque</span> <span class='ocrx_word' id='word_1_125' title='bbox 311 1531 445 1595; x_wconf 90' lang='lat' dir='ltr'>audiant</span> <span class='ocrx_word' id='word_1_126' title='bbox 468 1551 532 1613; x_wconf 90' lang='lat' dir='ltr'>eos,</span> <span class='ocrx_word' id='word_1_127' title='bbox 556 1551 694 1614; x_wconf 89' lang='lat' dir='ltr'>quorum</span> <span class='ocrx_word' id='word_1_128' title='bbox 717 1550 843 1595; x_wconf 90' lang='lat' dir='ltr'>summa</span> <span class='ocrx_word' id='word_1_129' title='bbox 866 1534 916 1595; x_wconf 91' lang='lat' dir='ltr'>est</span> <span class='ocrx_word' id='word_1_130' title='bbox 940 1532 1117 1596; x_wconf 88' lang='lat' dir='ltr'>auotoritas</span> 
     </span>
     <span class='ocr_line' id='line_1_17' title="bbox 110 1617 1118 1704; baseline 0.001 -21"><span class='ocrx_word' id='word_1_131' title='bbox 110 1619 197 1704; x_wconf 82' lang='lat' dir='ltr'>apud</span> <span class='ocrx_word' id='word_1_132' title='bbox 214 1619 419 1684; x_wconf 82' lang='lat' dir='ltr'>doctissimos</span> <span class='ocrx_word' id='word_1_133' title='bbox 437 1617 585 1682; x_wconf 90' lang='lat' dir='ltr'>homines</span> <span class='ocrx_word' id='word_1_134' title='bbox 602 1620 635 1681; x_wconf 88' lang='lat' dir='ltr'>et</span> <span class='ocrx_word' id='word_1_135' title='bbox 650 1617 768 1702; x_wconf 79' lang='lat' dir='ltr'>gloria5</span> <span class='ocrx_word' id='word_1_136' title='bbox 787 1640 868 1702; x_wconf 89' lang='lat' dir='ltr'>quos</span> <span class='ocrx_word' id='word_1_137' title='bbox 883 1640 944 1704; x_wconf 85' lang='lat' dir='ltr'>ego</span> <span class='ocrx_word' id='word_1_138' title='bbox 959 1619 1118 1703; x_wconf 84' lang='lat' dir='ltr'>existimo,</span> 
     </span>
     <span class='ocr_line' id='line_1_18' title="bbox 110 1704 1118 1792; baseline 0.002 -22"><span class='ocrx_word' id='word_1_139' title='bbox 110 1706 239 1771; x_wconf 90' lang='lat' dir='ltr'>etiamsi</span> <span class='ocrx_word' id='word_1_140' title='bbox 266 1707 322 1792; x_wconf 89' lang='lat' dir='ltr'>qui</span> <span class='ocrx_word' id='word_1_141' title='bbox 348 1706 413 1792; x_wconf 87' lang='lat' dir='ltr'>ipsi</span> <span class='ocrx_word' id='word_1_142' title='bbox 435 1727 504 1770; x_wconf 87' lang='lat' dir='ltr'>rem</span> <span class='ocrx_word' id='word_1_143' title='bbox 527 1704 691 1791; x_wconf 82' lang='lat' dir='ltr'>publicam</span> <span class='ocrx_word' id='word_1_144' title='bbox 713 1726 779 1769; x_wconf 91' lang='lat' dir='ltr'>non</span> <span class='ocrx_word' id='word_1_145' title='bbox 802 1707 976 1792; x_wconf 84' lang='lat' dir='ltr'>gesserint,</span> <span class='ocrx_word' id='word_1_146' title='bbox 998 1710 1118 1792; x_wconf 90' lang='lat' dir='ltr'>tamen,</span> 
     </span>
     <span class='ocr_line' id='line_1_19' title="bbox 110 1793 1119 1880; baseline 0.002 -22"><span class='ocrx_word' id='word_1_147' title='bbox 110 1795 262 1879; x_wconf 90' lang='lat' dir='ltr'>quoniam</span> <span class='ocrx_word' id='word_1_148' title='bbox 290 1794 329 1860; x_wconf 94' lang='lat' dir='ltr'>de</span> <span class='ocrx_word' id='word_1_149' title='bbox 356 1816 391 1859; x_wconf 92' lang='lat' dir='ltr'>re</span> <span class='ocrx_word' id='word_1_150' title='bbox 418 1793 550 1879; x_wconf 88' lang='lat' dir='ltr'>publiea</span> <span class='ocrx_word' id='word_1_151' title='bbox 576 1793 681 1857; x_wconf 89' lang='lat' dir='ltr'>multa</span> <span class='ocrx_word' id='word_1_152' title='bbox 709 1794 905 1877; x_wconf 86' lang='lat' dir='ltr'>quaesierint</span> <span class='ocrx_word' id='word_1_153' title='bbox 928 1798 961 1859; x_wconf 90' lang='lat' dir='ltr'>et</span> <span class='ocrx_word' id='word_1_154' title='bbox 984 1795 1119 1880; x_wconf 84' lang='lat' dir='ltr'>seripse-</span> 
     </span>
     <span class='ocr_line' id='line_1_20' title="bbox 108 1881 1118 1968; baseline 0 -20"><span class='ocrx_word' id='word_1_155' title='bbox 108 1883 184 1967; x_wconf 88' lang='lat' dir='ltr'>rint,</span> <span class='ocrx_word' id='word_1_156' title='bbox 202 1883 331 1948; x_wconf 78' lang='lat' dir='ltr'>functos</span> <span class='ocrx_word' id='word_1_157' title='bbox 350 1904 420 1947; x_wconf 91' lang='lat' dir='ltr'>esse</span> <span class='ocrx_word' id='word_1_158' title='bbox 440 1882 549 1968; x_wconf 89' lang='lat' dir='ltr'>aliquo</span> <span class='ocrx_word' id='word_1_159' title='bbox 566 1881 775 1967; x_wconf 81' lang='lat' dir='ltr'>reipublicae</span> <span class='ocrx_word' id='word_1_160' title='bbox 790 1904 929 1947; x_wconf 90' lang='lat' dir='ltr'>munere.</span> <span class='ocrx_word' id='word_1_161' title='bbox 960 1883 1027 1948; x_wconf 80' lang='lat' dir='ltr'>Eos</span> <span class='ocrx_word' id='word_1_162' title='bbox 1040 1905 1118 1949; x_wconf 86' lang='lat' dir='ltr'>vero</span> 
     </span>
    </p>

    <p class='ocr_par' dir='ltr' id='par_1_7' title="bbox 68 1967 1118 2390">
     <span class='ocr_line' id='line_1_21' title="bbox 68 1967 1118 2056; baseline 0.006 -26"><span class='ocrx_word' id='word_1_163' title='bbox 68 1989 95 2030; x_wconf 80' lang='lat' dir='ltr'>so</span> <span class='ocrx_word' id='word_1_164' title='bbox 109 1975 248 2056; x_wconf 89' lang='lat' dir='ltr'>septem,</span> <span class='ocrx_word' id='word_1_165' title='bbox 276 1993 357 2055; x_wconf 89' lang='lat' dir='ltr'>quos</span> <span class='ocrx_word' id='word_1_166' title='bbox 386 1969 501 2035; x_wconf 80' lang='lat' dir='ltr'>Graeci</span> <span class='ocrx_word' id='word_1_167' title='bbox 533 1970 688 2055; x_wconf 87' lang='lat' dir='ltr'>sapientis</span> <span class='ocrx_word' id='word_1_168' title='bbox 716 1967 988 2056; x_wconf 71' lang='lat' dir='ltr'>nomilnaverunt,</span> <span class='ocrx_word' id='word_1_169' title='bbox 1019 1973 1059 2052; x_wconf 88' lang='lat' dir='ltr'>[p.</span> <span class='ocrx_word' id='word_1_170' title='bbox 1083 1987 1118 2036; x_wconf 88' lang='lat'>80</span> 
     </span>
     <span class='ocr_line' id='line_1_22' title="bbox 109 2058 1118 2144; baseline 0 -20"><span class='ocrx_word' id='word_1_171' title='bbox 109 2059 215 2124; x_wconf 90' lang='lat' dir='ltr'>omnis</span> <span class='ocrx_word' id='word_1_172' title='bbox 238 2081 340 2144; x_wconf 91' lang='lat' dir='ltr'>paene</span> <span class='ocrx_word' id='word_1_173' title='bbox 360 2059 453 2124; x_wconf 84' lang='lat' dir='ltr'>video</span> <span class='ocrx_word' id='word_1_174' title='bbox 472 2059 507 2122; x_wconf 93' lang='lat' dir='ltr'>in</span> <span class='ocrx_word' id='word_1_175' title='bbox 530 2059 637 2122; x_wconf 86' lang='lat' dir='ltr'>media</span> <span class='ocrx_word' id='word_1_176' title='bbox 659 2080 693 2122; x_wconf 91' lang='lat' dir='ltr'>re</span> <span class='ocrx_word' id='word_1_177' title='bbox 717 2058 849 2143; x_wconf 87' lang='lat' dir='ltr'>publiea</span> <span class='ocrx_word' id='word_1_178' title='bbox 872 2081 942 2123; x_wconf 89' lang='lat' dir='ltr'>esse</span> <span class='ocrx_word' id='word_1_179' title='bbox 959 2063 1118 2125; x_wconf 83' lang='lat' dir='ltr'>versatos.</span> 
     </span>
     <span class='ocr_line' id='line_1_23' title="bbox 108 2146 1118 2232; baseline 0 -20"><span class='ocrx_word' id='word_1_180' title='bbox 108 2146 222 2232; x_wconf 90' lang='lat' dir='ltr'>Neque</span> <span class='ocrx_word' id='word_1_181' title='bbox 245 2146 331 2212; x_wconf 90' lang='lat' dir='ltr'>enim</span> <span class='ocrx_word' id='word_1_182' title='bbox 360 2150 410 2211; x_wconf 88' lang='lat' dir='ltr'>est</span> <span class='ocrx_word' id='word_1_183' title='bbox 437 2147 506 2211; x_wconf 92' lang='lat' dir='ltr'>ulla</span> <span class='ocrx_word' id='word_1_184' title='bbox 528 2167 593 2230; x_wconf 88' lang='lat' dir='ltr'>res,</span> <span class='ocrx_word' id='word_1_185' title='bbox 620 2146 655 2210; x_wconf 92' lang='lat' dir='ltr'>in</span> <span class='ocrx_word' id='word_1_186' title='bbox 678 2167 742 2230; x_wconf 87' lang='lat' dir='ltr'>qua</span> <span class='ocrx_word' id='word_1_187' title='bbox 764 2147 897 2232; x_wconf 89' lang='lat' dir='ltr'>propius</span> <span class='ocrx_word' id='word_1_188' title='bbox 921 2146 963 2212; x_wconf 91' lang='lat' dir='ltr'>ad</span> <span class='ocrx_word' id='word_1_189' title='bbox 985 2147 1118 2212; x_wconf 88' lang='lat' dir='ltr'>deorum</span> 
     </span>
     <span class='ocr_line' id='line_1_24' title="bbox 107 2233 1118 2319; baseline -0.001 -18"><span class='ocrx_word' id='word_1_190' title='bbox 107 2257 229 2302; x_wconf 90' lang='lat' dir='ltr'>numen</span> <span class='ocrx_word' id='word_1_191' title='bbox 261 2235 366 2300; x_wconf 86' lang='lat' dir='ltr'>virtus</span> <span class='ocrx_word' id='word_1_192' title='bbox 401 2235 532 2299; x_wconf 86' lang='lat' dir='ltr'>eeeedat</span> <span class='ocrx_word' id='word_1_193' title='bbox 565 2233 722 2318; x_wconf 90' lang='lat' dir='ltr'>humana,</span> <span class='ocrx_word' id='word_1_194' title='bbox 759 2257 856 2319; x_wconf 90' lang='lat' dir='ltr'>quam</span> <span class='ocrx_word' id='word_1_195' title='bbox 885 2235 1029 2300; x_wconf 79' lang='lat' dir='ltr'>civitatis</span> <span class='ocrx_word' id='word_1_196' title='bbox 1061 2239 1118 2300; x_wconf 85' lang='lat' dir='ltr'>aut</span> 
     </span>
     <span class='ocr_line' id='line_1_25' title="bbox 107 2322 930 2390; baseline -0.002 -1"><span class='ocrx_word' id='word_1_197' title='bbox 107 2324 245 2390; x_wconf 89' lang='lat' dir='ltr'>eondere</span> <span class='ocrx_word' id='word_1_198' title='bbox 268 2344 369 2388; x_wconf 86' lang='lat' dir='ltr'>novas</span> <span class='ocrx_word' id='word_1_199' title='bbox 393 2327 451 2387; x_wconf 88' lang='lat' dir='ltr'>aut</span> <span class='ocrx_word' id='word_1_200' title='bbox 473 2343 663 2387; x_wconf 79' lang='lat' dir='ltr'>conservare</span> <span class='ocrx_word' id='word_1_201' title='bbox 685 2322 752 2387; x_wconf 91' lang='lat' dir='ltr'>iam</span> <span class='ocrx_word' id='word_1_202' title='bbox 775 2323 930 2388; x_wconf 84' lang='lat' dir='ltr'>conditas.</span> 
     </span>
    </p>

    <p class='ocr_par' dir='ltr' id='par_1_8' title="bbox 67 2381 1170 2845">
     <span class='ocr_line' id='line_1_26' title="bbox 67 2381 1170 2510; baseline 0.005 -40"><span class='ocrx_word' id='word_1_203' title='bbox 67 2428 95 2470; x_wconf 79' lang='lat' dir='ltr'>ss</span> <span class='ocrx_word' id='word_1_204' title='bbox 177 2411 300 2486; x_wconf 79' lang='lat' dir='ltr'>Quibus</span> <span class='ocrx_word' id='word_1_205' title='bbox 324 2411 486 2494; x_wconf 90' lang='lat' dir='ltr'>derebus,</span> <span class='ocrx_word' id='word_1_206' title='bbox 510 2410 662 2494; x_wconf 92' lang='lat' dir='ltr'>quoniam</span> <span class='ocrx_word' id='word_1_207' title='bbox 680 2411 775 2476; x_wconf 90' lang='lat' dir='ltr'>nobis</span> <span class='ocrx_word' id='word_1_208' title='bbox 794 2411 942 2497; x_wconf 84' lang='lat' dir='ltr'>contigit,</span> <span class='ocrx_word' id='word_1_209' title='bbox 964 2414 1002 2476; x_wconf 93' lang='lat' dir='ltr'>ut</span> <span class='ocrx_word' id='word_1_210' title='bbox 1019 2410 1118 2476; x_wconf 92' lang='lat' dir='ltr'>iidem</span> <span class='ocrx_word' id='word_1_211' title='bbox 1137 2381 1170 2510; x_wconf 52' lang='grc' dir='ltr'><strong>ᾗ</strong></span> 
     </span>
     <span class='ocr_line' id='line_1_27' title="bbox 109 2498 1118 2585; baseline -0.001 -20"><span class='ocrx_word' id='word_1_212' title='bbox 109 2503 143 2565; x_wconf 90' lang='lat' dir='ltr'>et</span> <span class='ocrx_word' id='word_1_213' title='bbox 173 2500 209 2564; x_wconf 94' lang='lat' dir='ltr'>in</span> <span class='ocrx_word' id='word_1_214' title='bbox 241 2500 381 2585; x_wconf 81' lang='lat' dir='ltr'>gerenda</span> <span class='ocrx_word' id='word_1_215' title='bbox 412 2521 448 2563; x_wconf 89' lang='lat' dir='ltr'>re</span> <span class='ocrx_word' id='word_1_216' title='bbox 479 2498 611 2584; x_wconf 89' lang='lat' dir='ltr'>publiea</span> <span class='ocrx_word' id='word_1_217' title='bbox 640 2498 763 2582; x_wconf 89' lang='lat' dir='ltr'>aliquid</span> <span class='ocrx_word' id='word_1_218' title='bbox 790 2519 933 2563; x_wconf 87' lang='lat' dir='ltr'>essemus</span> <span class='ocrx_word' id='word_1_219' title='bbox 961 2499 1118 2564; x_wconf 89' lang='lat' dir='ltr'>memoria</span> 
     </span>
     <span class='ocr_line' id='line_1_28' title="bbox 109 2586 1117 2674; baseline 0 -22"><span class='ocrx_word' id='word_1_220' title='bbox 109 2588 244 2674; x_wconf 80' lang='lat' dir='ltr'>dignum</span> <span class='ocrx_word' id='word_1_221' title='bbox 271 2587 435 2652; x_wconf 87' lang='lat' dir='ltr'>eonseeuti</span> <span class='ocrx_word' id='word_1_222' title='bbox 462 2590 496 2652; x_wconf 92' lang='lat' dir='ltr'>et</span> <span class='ocrx_word' id='word_1_223' title='bbox 522 2587 555 2650; x_wconf 91' lang='lat' dir='ltr'>in</span> <span class='ocrx_word' id='word_1_224' title='bbox 583 2586 781 2671; x_wconf 82' lang='lat' dir='ltr'>explicandis</span> <span class='ocrx_word' id='word_1_225' title='bbox 804 2586 987 2652; x_wconf 88' lang='lat' dir='ltr'>rationibus</span> <span class='ocrx_word' id='word_1_226' title='bbox 1009 2609 1117 2652; x_wconf 85' lang='lat' dir='ltr'>rerum</span> 
     </span>
     <span class='ocr_line' id='line_1_29' title="bbox 108 2671 1117 2761; baseline -0.003 -20"><span class='ocrx_word' id='word_1_227' title='bbox 108 2677 253 2742; x_wconf 79' lang='lat' dir='ltr'>civilium</span> <span class='ocrx_word' id='word_1_228' title='bbox 286 2675 447 2759; x_wconf 87' lang='lat' dir='ltr'>quandam</span> <span class='ocrx_word' id='word_1_229' title='bbox 478 2674 669 2740; x_wconf 78' lang='lat' dir='ltr'>facultatem</span> <span class='ocrx_word' id='word_1_230' title='bbox 695 2696 761 2739; x_wconf 94' lang='lat' dir='ltr'>non</span> <span class='ocrx_word' id='word_1_231' title='bbox 788 2671 892 2761; x_wconf 71' lang='lat' dir='ltr'>moldo</span> <span class='ocrx_word' id='word_1_232' title='bbox 920 2695 994 2758; x_wconf 90' lang='lat' dir='ltr'>usu,</span> <span class='ocrx_word' id='word_1_233' title='bbox 1023 2675 1117 2755; x_wconf 80' lang='lat' dir='ltr'>[pso</span> 
     </span>
     <span class='ocr_line' id='line_1_30' title="bbox 109 2762 1118 2845; baseline -0.002 -15"><span class='ocrx_word' id='word_1_234' title='bbox 109 2764 167 2830; x_wconf 90' lang='lat' dir='ltr'>sed</span> <span class='ocrx_word' id='word_1_235' title='bbox 190 2763 288 2829; x_wconf 88' lang='lat' dir='ltr'>etiam</span> <span class='ocrx_word' id='word_1_236' title='bbox 312 2763 419 2828; x_wconf 89' lang='lat' dir='ltr'>studio</span> <span class='ocrx_word' id='word_1_237' title='bbox 443 2762 584 2828; x_wconf 85' lang='lat' dir='ltr'>discendi</span> <span class='ocrx_word' id='word_1_238' title='bbox 607 2767 640 2828; x_wconf 91' lang='lat' dir='ltr'>et</span> <span class='ocrx_word' id='word_1_239' title='bbox 663 2762 797 2828; x_wconf 84' lang='lat' dir='ltr'>docendi</span> <span class='ocrx_word' id='word_1_240' title='bbox 816 2762 991 2845; x_wconf 62' lang='lat' dir='ltr'>&#39;possemus</span> <span class='ocrx_word' id='word_1_241' title='bbox 1011 2766 1118 2828; x_wconf 88' lang='lat' dir='ltr'>aueto-</span> 
     </span>
    </p>

    <p class='ocr_par' dir='ltr' id='par_1_9' title="bbox 66 2849 1119 3288">
     <span class='ocr_line' id='line_1_31' title="bbox 66 2849 1118 2938; baseline 0.003 -26"><span class='ocrx_word' id='word_1_242' title='bbox 66 2870 95 2912; x_wconf 77' lang='grc' dir='ltr'>ω</span> <span class='ocrx_word' id='word_1_243' title='bbox 108 2873 170 2936; x_wconf 74' lang='lat' dir='ltr'>ree,</span> <span class='ocrx_word' id='word_1_244' title='bbox 188 2873 261 2917; x_wconf 87' lang='lat' dir='ltr'>eum</span> <span class='ocrx_word' id='word_1_245' title='bbox 279 2851 461 2938; x_wconf 86' lang='lat' dir='ltr'>superiores</span> <span class='ocrx_word' id='word_1_246' title='bbox 480 2851 537 2915; x_wconf 91' lang='lat' dir='ltr'>alii</span> <span class='ocrx_word' id='word_1_247' title='bbox 554 2850 693 2916; x_wconf 87' lang='lat' dir='ltr'>fuissent</span> <span class='ocrx_word' id='word_1_248' title='bbox 710 2851 745 2914; x_wconf 91' lang='lat' dir='ltr'>in</span> <span class='ocrx_word' id='word_1_249' title='bbox 760 2849 1034 2935; x_wconf 89' lang='lat' dir='ltr'>disputationibus</span> <span class='ocrx_word' id='word_1_250' title='bbox 1048 2872 1118 2934; x_wconf 90' lang='lat' dir='ltr'>per·</span> 
     </span>
     <span class='ocr_line' id='line_1_32' title="bbox 107 2938 1119 3028; baseline -0.003 -22"><span class='ocrx_word' id='word_1_251' title='bbox 107 2940 219 3028; x_wconf 92' lang='lat' dir='ltr'>politi,</span> <span class='ocrx_word' id='word_1_252' title='bbox 244 2961 383 3024; x_wconf 91' lang='lat' dir='ltr'>quorum</span> <span class='ocrx_word' id='word_1_253' title='bbox 405 2961 457 3004; x_wconf 89' lang='lat' dir='ltr'>res</span> <span class='ocrx_word' id='word_1_254' title='bbox 481 2943 592 3026; x_wconf 82' lang='lat' dir='ltr'>gestae</span> <span class='ocrx_word' id='word_1_255' title='bbox 613 2939 723 3003; x_wconf 92' lang='lat' dir='ltr'>nullae</span> <span class='ocrx_word' id='word_1_256' title='bbox 746 2938 981 3022; x_wconf 86' lang='lat' dir='ltr'>invenirentur,</span> <span class='ocrx_word' id='word_1_257' title='bbox 1004 2938 1062 3003; x_wconf 90' lang='lat' dir='ltr'>alii</span> <span class='ocrx_word' id='word_1_258' title='bbox 1083 2939 1119 3004; x_wconf 90' lang='lat' dir='ltr'>in</span> 
     </span>
     <span class='ocr_line' id='line_1_33' title="bbox 109 3025 1118 3116; baseline -0.001 -23"><span class='ocrx_word' id='word_1_259' title='bbox 109 3027 250 3116; x_wconf 78' lang='lat' dir='ltr'>gerendo</span> <span class='ocrx_word' id='word_1_260' title='bbox 280 3027 481 3113; x_wconf 88' lang='lat' dir='ltr'>probabiles,</span> <span class='ocrx_word' id='word_1_261' title='bbox 512 3027 547 3091; x_wconf 92' lang='lat' dir='ltr'>in</span> <span class='ocrx_word' id='word_1_262' title='bbox 577 3027 763 3092; x_wconf 90' lang='lat' dir='ltr'>disserendo</span> <span class='ocrx_word' id='word_1_263' title='bbox 791 3026 896 3091; x_wconf 88' lang='lat' dir='ltr'>rudes.</span> <span class='ocrx_word' id='word_1_264' title='bbox 940 3025 1010 3091; x_wconf 88' lang='lat' dir='ltr'>Nee</span> <span class='ocrx_word' id='word_1_265' title='bbox 1039 3049 1118 3092; x_wconf 88' lang='lat' dir='ltr'>vero</span> 
     </span>
     <span class='ocr_line' id='line_1_34' title="bbox 107 3113 1118 3200; baseline -0.003 -17"><span class='ocrx_word' id='word_1_266' title='bbox 107 3120 223 3183; x_wconf 89' lang='lat' dir='ltr'>nostra</span> <span class='ocrx_word' id='word_1_267' title='bbox 250 3116 407 3200; x_wconf 87' lang='lat' dir='ltr'>quaedam</span> <span class='ocrx_word' id='word_1_268' title='bbox 435 3119 485 3180; x_wconf 91' lang='lat' dir='ltr'>est</span> <span class='ocrx_word' id='word_1_269' title='bbox 511 3115 711 3180; x_wconf 86' lang='lat' dir='ltr'>instituenda</span> <span class='ocrx_word' id='word_1_270' title='bbox 737 3136 823 3179; x_wconf 86' lang='lat' dir='ltr'>nova</span> <span class='ocrx_word' id='word_1_271' title='bbox 849 3118 883 3179; x_wconf 91' lang='lat' dir='ltr'>et</span> <span class='ocrx_word' id='word_1_272' title='bbox 911 3113 1048 3180; x_wconf 85' lang='lat' dir='ltr'>anobis</span> <span class='ocrx_word' id='word_1_273' title='bbox 1071 3115 1118 3180; x_wconf 92' lang='lat' dir='ltr'>in-</span> 
     </span>
     <span class='ocr_line' id='line_1_35' title="bbox 107 3202 1119 3288; baseline -0.002 -17"><span class='ocrx_word' id='word_1_274' title='bbox 107 3209 207 3272; x_wconf 87' lang='lat' dir='ltr'>venta</span> <span class='ocrx_word' id='word_1_275' title='bbox 238 3203 337 3288; x_wconf 89' lang='lat' dir='ltr'>ratio,</span> <span class='ocrx_word' id='word_1_276' title='bbox 368 3202 424 3267; x_wconf 92' lang='lat' dir='ltr'>sed</span> <span class='ocrx_word' id='word_1_277' title='bbox 451 3203 546 3268; x_wconf 90' lang='lat' dir='ltr'>unius</span> <span class='ocrx_word' id='word_1_278' title='bbox 575 3203 692 3268; x_wconf 89' lang='lat' dir='ltr'>aetatis</span> <span class='ocrx_word' id='word_1_279' title='bbox 720 3202 975 3268; x_wconf 82' lang='lat' dir='ltr'>clarissimorum</span> <span class='ocrx_word' id='word_1_280' title='bbox 1003 3225 1041 3269; x_wconf 90' lang='lat' dir='ltr'>ao</span> <span class='ocrx_word' id='word_1_281' title='bbox 1068 3225 1119 3269; x_wconf 89' lang='lat' dir='ltr'>sa·</span> 
     </span>
    </p>

    <p class='ocr_par' dir='ltr' id='par_1_10' title="bbox 67 3291 1120 3467">
     <span class='ocr_line' id='line_1_36' title="bbox 67 3291 1119 3380; baseline 0.001 -25"><span class='ocrx_word' id='word_1_282' title='bbox 67 3293 387 3380; x_wconf 78' lang='lat' dir='ltr'>sapientissimorum</span> <span class='ocrx_word' id='word_1_283' title='bbox 422 3295 554 3357; x_wconf 88' lang='lat' dir='ltr'>nostrae</span> <span class='ocrx_word' id='word_1_284' title='bbox 587 3291 729 3357; x_wconf 81' lang='lat' dir='ltr'>civitatis</span> <span class='ocrx_word' id='word_1_285' title='bbox 761 3291 906 3356; x_wconf 83' lang='lat' dir='ltr'>virorum</span> <span class='ocrx_word' id='word_1_286' title='bbox 938 3291 1119 3377; x_wconf 86' lang='lat' dir='ltr'>disputatio</span> 
     </span>
     <span class='ocr_line' id='line_1_37' title="bbox 107 3377 1120 3467; baseline -0.003 -20"><span class='ocrx_word' id='word_1_287' title='bbox 107 3381 283 3467; x_wconf 88' lang='lat' dir='ltr'>repetenda</span> <span class='ocrx_word' id='word_1_288' title='bbox 320 3379 477 3444; x_wconf 86' lang='lat' dir='ltr'>memoria</span> <span class='ocrx_word' id='word_1_289' title='bbox 505 3377 509 3462; x_wconf 95' lang='grc' dir='ltr'>Ι</span> <span class='ocrx_word' id='word_1_290' title='bbox 539 3383 602 3463; x_wconf 89' lang='lat' dir='ltr'>est,</span> <span class='ocrx_word' id='word_1_291' title='bbox 638 3401 720 3464; x_wconf 92' lang='lat' dir='ltr'>quae</span> <span class='ocrx_word' id='word_1_292' title='bbox 751 3378 834 3443; x_wconf 91' lang='lat' dir='ltr'>mihi</span> <span class='ocrx_word' id='word_1_293' title='bbox 864 3379 990 3464; x_wconf 89' lang='lat' dir='ltr'>tibique</span> <span class='ocrx_word' id='word_1_294' title='bbox 1022 3381 1062 3461; x_wconf 85' lang='lat' dir='ltr'>[p.</span> <span class='ocrx_word' id='word_1_295' title='bbox 1082 3395 1120 3444; x_wconf 81' lang='lat' dir='ltr'>so-</span> 
     </span>
    </p>
   </div>
   <div class='ocr_carea' id='block_1_3' title="bbox 108 3465 1119 3558">
    <p class='ocr_par' dir='ltr' id='par_1_11' title="bbox 108 3465 1119 3558">
     <span class='ocr_line' id='line_1_38' title="bbox 108 3465 1119 3558; baseline -0.003 -23"><span class='ocrx_word' id='word_1_296' title='bbox 108 3470 272 3558; x_wconf 91' lang='lat' dir='ltr'>quondam</span> <span class='ocrx_word' id='word_1_297' title='bbox 291 3469 532 3534; x_wconf 82' lang='lat' dir='ltr'>adulescentulo</span> <span class='ocrx_word' id='word_1_298' title='bbox 551 3471 601 3532; x_wconf 90' lang='lat' dir='ltr'>est</span> <span class='ocrx_word' id='word_1_299' title='bbox 620 3491 640 3532; x_wconf 91' lang='lat' dir='ltr'>a</span> <span class='ocrx_word' id='word_1_300' title='bbox 656 3467 692 3532; x_wconf 93' lang='lat' dir='ltr'>P.</span> <span class='ocrx_word' id='word_1_301' title='bbox 706 3467 830 3533; x_wconf 88' lang='lat' dir='ltr'>Rutilio</span> <span class='ocrx_word' id='word_1_302' title='bbox 845 3467 941 3553; x_wconf 83' lang='lat' dir='ltr'>Rufo,</span> <span class='ocrx_word' id='word_1_303' title='bbox 960 3465 1119 3553; x_wconf 87' lang='lat' dir='ltr'>Smyrnae</span> 
     </span>
    </p>
   </div>
   <div class='ocr_carea' id='block_1_4' title="bbox 0 0 1303 3882">
    <p class='ocr_par' dir='ltr' id='par_1_12' title="bbox 0 0 1303 3882">
     <span class='ocr_line' id='line_1_39' title="bbox 0 0 1303 3882; baseline 0 0"><span class='ocrx_word' id='word_1_304' title='bbox 0 0 1303 3882; x_wconf 95' lang='lat' dir='ltr'> </span> 
     </span>
    </p>
   </div>
  </div>
 </body>
</html>
