2630 3890
176 138 242 202 204
528 133 837 190 cucumeribus
900 131 901 134 ‘

174 280 268 348 Nihil
295 283 404 346 autem
420 282 483 382 ,est
504 281 676 379 proucertc
699 277 859 363 futurum,
887 277 974 362 quod
994 281 1105 364 potest
1128 276 1186 343 ali-

135 437 155 499 9
175 367 658 542 quartlthoddrddhmdeahctlllddd
679 367 810 538 ddideard
831 453 973 520 arbitror
996 475 1067 520 esse
1088 454 1185 520 nobis

123 515 157 563 ²²
175 545 360 612 futurarum
386 566 495 609 rerum
523 544 699 608 scientiam.
745 540 833 618 Quae
861 543 947 608 enim
973 541 1043 608 rita
1068 541 1187 608 fuisset

175 633 321 718 Priame,
350 632 379 698 si
406 632 447 697 ab
476 631 695 696 adulescentia
717 631 845 714 scisset,
875 651 956 715 quos
979 634 1115 696 eventus
1137 650 1221 696 seo

174 722 316 788 nectutis
326 723 413 786 esset
422 719 616 784 habiturus?
630 719 795 784 Abeamus
806 742 825 784 a
836 717 967 801 fabulis,
976 719 1131 804 propiora
1139 720 1186 786 vi·

176 811 318 876 deamus.
345 807 610 874 Clarissimorum
624 807 793 873 hominum
810 810 942 872 nostrae
956 807 1098 874 civitatis
1113 828 1186 894 gra-

175 899 327 964 vissimos
342 896 447 962 exitus
460 895 495 962 in
504 894 735 961 Consolatione
745 896 945 981 collegimus.
968 893 1052 971 Quid
1060 895 1186 982 igitur?

175 991 213 1052 ut
237 986 427 1051 omittamus
450 983 646 1069 superiores,
668 983 819 1050 Marcone
842 982 961 1049 Crasso
983 987 1081 1068 putas
1103 984 1186 1048 utile

175 1073 276 1139 fuisse
299 1077 379 1156 tum,
402 1094 475 1138 cum
498 1072 657 1137 maxumis
681 1073 796 1156 opibus
814 1071 1017 1157 fortunisque
1036 1072 1185 1156 florebat,
1201 1095 1232 1133 ro

177 1163 259 1228 seire
278 1161 341 1226 sibi
354 1159 524 1226 interfecto
538 1159 656 1225 Publio
669 1160 739 1226 filio
754 1160 958 1246 exercituque
973 1161 1078 1226 deleto
1091 1165 1185 1226 trans

175 1250 379 1335 Euphratem
392 1271 465 1314 eum
479 1249 659 1335 ignominia
672 1252 705 1314 et
720 1249 873 1316 dedecore
883 1271 954 1314 esse
964 1250 1185 1335 pereundum?

177 1340 231 1404 An
240 1337 297 1404 On
304 1337 495 1422 Pompeium
510 1358 620 1402 censes
634 1336 740 1402 tribus
755 1337 822 1402 suis
836 1337 1069 1421 consulatibus,
1078 1337 1184 1404 tribus

173 1426 361 1512 triumphis,
380 1425 594 1490 maximarum
612 1447 721 1490 rerum
740 1425 846 1511 gloria
864 1426 1062 1490 laetaturum
1075 1425 1184 1508 fuisse,

177 1516 207 1580 si
231 1515 329 1580 sciret
352 1511 392 1580 se'
408 1515 444 1578 in
466 1513 640 1579 solitudine
664 1513 901 1599 Aegyptiorum
923 1513 1121 1578 trucidatum
1142 1514 1185 1578 iri
1201 1533 1230 1575 rs

176 1604 297 1669 amisso
330 1602 487 1685 exercitu,
517 1605 594 1686 post
625 1605 764 1666 mortem
795 1623 872 1666 vero
900 1623 939 1668 ea
965 1606 1185 1687 consecutura,

122 1705 157 1754 23
177 1713 259 1776 quae
287 1690 357 1756 sine
384 1690 526 1754 lacrimis
553 1712 620 1755 non
642 1711 814 1774 possumus
838 1689 964 1756 dicere?
1001 1687 1085 1765 Quid
1107 1712 1185 1757 vero

176 1779 350 1845 Gaesarem
371 1782 534 1863 putamus,
558 1778 586 1842 si
609 1778 787 1842 divinasset
808 1778 878 1842 fore
896 1782 933 1843 ut
950 1777 986 1844 in
1002 1800 1041 1844 eo
1060 1783 1185 1863 senatu,

176 1889 273 1953 quem
294 1866 418 1934 maiore
441 1888 480 1930 ex
502 1869 596 1950 parte
618 1866 689 1950 ipse
712 1870 906 1951 cooptasset,
928 1866 963 1932 in
983 1866 1072 1932 curia
1089 1867 1184 1932 Pom-

176 1956 250 2040 peia
278 1958 353 2020 ante
380 1954 484 2038 ipsius
506 1953 653 2038 Pompeii
681 1954 890 2020 simulacrum
917 1958 969 2020 tot
992 1955 1184 2022 centurioni·
1197 1976 1228 2016 eo

175 2045 237 2108 bus
261 2043 329 2109 suis
351 2042 609 2128 inspectantibus
629 2065 648 2106 a
666 2043 887 2108 nobilissumis
906 2043 1039 2128 civibus,
1062 2044 1184 2130 partim

176 2132 276 2198 etiam
300 2153 319 2196 a
342 2152 376 2195 se
400 2131 549 2197 omnibus
568 2131 665 2194 rebus
685 2131 817 2215 ornatis,
839 2131 1020 2196 trucidatus
1037 2132 1087 2198 ita
1103 2132 1185 2198 iace-

175 2225 241 2304 ret,
270 2223 308 2286 ut
336 2219 378 2284 ad
407 2218 475 2284 eius
498 2239 615 2304 eorpus
638 2241 703 2284 non
726 2220 821 2284 modo
845 2219 1035 2304 amicorum,
1065 2221 1121 2286 sed
1142 2223 1185 2286 ne

177 2330 344 2374 servorum
377 2307 506 2391 quidem
539 2306 710 2390 quisquam
740 2308 916 2392 accederet,
948 2330 1012 2393 quo
1040 2308 1184 2374 cruciatu
1218 2379 1221 2384 ,

177 2397 277 2463 animi
306 2395 409 2462 vitam
434 2398 584 2461 acturum
610 2395 731 2460 fuisse?
768 2394 864 2461 Certe
890 2396 993 2482 igitur
1019 2396 1182 2482 ignoratio
1198 2415 1227 2458 ss

124 2498 159 2548 ‘24
176 2485 361 2553 futurorum
388 2484 549 2550 malorum
575 2483 689 2550 utilior
716 2486 766 2548 est
789 2506 887 2567 quam
909 2483 1052 2550 scientia.
1095 2483 1184 2551 Nam

176 2574 258 2640 illud
285 2572 415 2658 quidem
444 2572 520 2654 dici,
546 2571 739 2656 praesertim
767 2569 940 2656 aStoieis,
966 2573 1058 2637 nullo
1087 2573 1183 2639 modo

67 2737 70 2743 ,
176 2665 299 2746 potest:
327 2659 404 2724 Non
430 2659 510 2724 isset
533 2660 574 2726 ad
597 2682 688 2725 arma
709 2658 896 2745 Pompeius,
922 2683 989 2726 non
1010 2661 1185 2726 transisset

176 2747 314 2816 Crassus
348 2747 564 2832 Euphratem,
598 2769 665 2814 non
700 2749 894 2833 suscepisset
929 2748 1053 2814 bellum
1089 2750 1183 2816 civile

177 2837 306 2904 Caesar.
351 2835 427 2902 Non
452 2835 556 2921 igitur
581 2834 694 2900 fatalis
724 2837 829 2901 exitus
856 2836 1054 2920 habuerunt3
1082 2837 1183 2904 vultis
1197 2856 1225 2898 eo

177 2929 288 2992 autem
315 2923 442 2990 evenire
470 2923 580 2990 omnia
601 2922 685 3007 fat03
710 2923 793 2990 nihil
816 2945 894 3010 ergo
916 2925 985 2990 illia
1006 2925 1184 3010 profuisset

177 3014 336 3095 divinare3
359 3014 457 3096 atque
479 3012 578 3076 etiam
597 3033 725 3078 omnem
742 3011 884 3078 fructum
902 3013 989 3079 vitae
1008 3014 1183 3100 superioris

177 3100 410 3186 perdidisseut;
433 3099 511 3183 quid
533 3099 619 3164 enim
641 3102 753 3184 posset
774 3100 815 3164 iis
839 3123 909 3166 esse
932 3101 1054 3167 laetum
1078 3102 1183 3168 exitus

178 3209 254 3252 suos
279 3186 522 3272 cogitantibus?
559 3187 625 3270 Ita,
648 3209 777 3272 quoquc
801 3209 871 3254 sese
894 3189 1052 3255 verterint
1074 3187 1183 3274 Stoici,

176 3276 283 3340 iaceat
304 3295 434 3342 necesse
457 3278 508 3341 est
531 3275 635 3340 omnis
658 3297 769 3340 eorum
793 3277 947 3342 sollertia
985 3275 1020 3344 si
1037 3279 1123 3344 enim
1141 3278 1183 3362 id,
1196 3295 1224 3338 ss

178 3363 265 3446 quod
296 3365 486 3428 eventurum
514 3366 577 3444 est,
608 3362 661 3428 uel
690 3362 752 3429 hoo
780 3364 833 3430 rel
860 3365 920 3430 illo
949 3364 1045 3432 modo
1074 3369 1184 3453 potest

179 3449 315 3534 evenire,
337 3448 471 3514 fortuna
492 3450 581 3517 valet
603 3450 793 3536 plurimum3
816 3474 898 3537 quae
920 3457 1030 3518 autem
1047 3453 1185 3520 fortuita
