2578 3874
174 188 243 254 432
571 187 621 242 DE
639 187 794 244 LEGIBUS

174 333 259 387 taret.
296 331 386 396 Quam
411 331 448 386 ob
471 346 532 384 rem
554 331 767 400 discriptionem
788 328 1007 398 magistratuum
1029 325 1192 382 Romanam

175 399 294 456 retinuit
318 417 369 456 neo
393 401 514 456 multum
538 399 636 455 attulit
658 399 733 454 novi,
770 397 974 469 Explicationis
997 414 1101 468 magna
1118 413 1191 468 pars

175 471 298 537 interiit,
322 471 352 525 in
374 487 409 526 ea
431 474 539 535 autem,
562 487 633 540 quae
652 471 769 533 mansit,
784 470 922 539 'egregiae
941 471 971 523 et
989 469 1130 538 sapientes
1150 467 1190 523 de

176 541 366 612 legationibus
384 542 490 609 liberis,
509 541 544 596 de
561 543 704 611 potestate
721 539 883 607 tribunicia,
902 540 937 594 de
956 541 1069 594 senatus
1083 539 1191 594 saucti-

174 614 236 668 tate
254 615 284 668 et
300 613 474 684 integritate,
493 611 529 667 de
546 611 657 681 legibus
675 611 833 667 tabellariis
851 613 904 668 eto.
924 608 1129 680 disputationes
1144 626 1190 664 re·

175 684 329 754 periuntur.
362 685 397 738 lu
414 683 529 755 epilogo
543 682 737 752 significantur
750 682 893 751 librorum,
912 680 962 751 qui
973 680 1190 749 interciderunt,

174 753 406 824 consequentium
424 752 584 810 summaria.

143 1008 159 1135 i
243 1041 383 1108 Maera
405 1036 530 1124 Sequar
551 1038 668 1126 igitur,
695 1042 733 1104 ut
754 1037 897 1124 institui,
924 1035 1069 1104 divinum
1090 1038 1189 1104 illum
1287 1013 1288 1048 ³

126 1187 128 1191 .
176 1129 296 1212 virum,
324 1149 420 1212 quem
449 1127 589 1212 quadam
616 1127 830 1193 admiratione
851 1131 1033 1192 eommotua
1056 1126 1188 1212 saepius
1287 1131 1288 1202 3

174 1219 317 1283 fortasse
340 1216 447 1300 laudo,
469 1238 568 1300 quam
589 1237 719 1281 necesse
742 1219 802 1280 est.
845 1216 923 1282 Are.
944 1214 1118 1280 Platonem
1140 1215 1189 1279 vi·
1286 1261 1288 1312 ,

177 1306 295 1371 delicet
317 1305 405 1370 diois.
445 1305 494 1370 M.
516 1304 622 1368 Istum
644 1304 761 1388 ipsum,
784 1302 903 1368 Attice.
940 1304 1017 1370 Ara
1040 1303 1090 1369 Tu
1107 1324 1188 1369 vero
1285 1313 1288 1386 i

176 1417 251 1460 eum
278 1414 338 1458 neo
362 1393 461 1458 nimis
488 1392 583 1458 valde
609 1414 765 1476 umquam
791 1413 851 1458 neo
876 1391 975 1456 nimis
998 1413 1095 1477 saepe
1118 1391 1216 1456 lau-⁵

176 1482 320 1567 daveris3
341 1503 418 1546 uam
441 1481 504 1547 hoo
526 1480 608 1545 mihi
626 1481 726 1545 etiam
743 1479 850 1545 nostri
867 1480 927 1564 illi,
949 1479 1007 1564 qui
1023 1479 1189 1546 neminem

175 1571 241 1636 uisi
260 1591 354 1636 suurn
373 1569 501 1635 laudari
517 1569 643 1651 volunt,
665 1567 854 1652 concedunt,
876 1571 913 1633 ut
931 1591 1004 1634 eum
1023 1568 1189 1634 arbitratu
1286 1601 1288 1644 i

176 1681 249 1725 meo
282 1659 427 1744 diligam.
475 1658 523 1723 M.
553 1655 641 1721 Bene
670 1657 778 1722 hercle
807 1655 940 1722 faciunt.
985 1655 1069 1732 Quid
1098 1657 1188 1722 enim
1287 1655 1288 1740 ξ

176 1751 229 1813 est
251 1747 415 1832 elegantia
437 1749 495 1810 tua
513 1745 665 1831 dignius?
689 1747 779 1810 ouius
799 1749 832 1810 et
850 1746 919 1810 vita
936 1750 969 1810 et
988 1745 1093 1811 oratio
1112 1767 1188 1810 oon-
1287 1761 1288 1816 l

177 1838 289 1900 secuta
307 1835 388 1898 mihi
405 1834 534 1899 videtur
552 1833 779 1898 difficillimam
797 1834 891 1898 illam
909 1833 1097 1900 societatem
1114 1851 1230 1918 gra-1⁰

177 1923 290 1988 vitatis
318 1944 392 1988 eum
414 1923 626 1988 humanitate.
671 1924 749 1988 Ara
770 1919 855 1987 Sane
877 1921 1017 2008 gaudeo,
1044 1921 1130 2006 quod
1153 1926 1188 1986 te

177 2010 397 2095 interpellavi,
430 2011 583 2094 quoniam
615 2010 744 2094 quidem
775 2013 845 2076 tam
873 2011 1077 2095 praeclarum
1104 2010 1188 2075 mihi

178 2099 296 2164 dedisti
322 2098 432 2163 iudicii
454 2099 503 2164 tui
526 2098 758 2163 testimonium.
800 2097 862 2164 Sed
884 2119 993 2184 perge,
1015 2101 1053 2163 ut
1075 2119 1187 2184 eoepe—

141 2197 241 2253 2ras.
277 2187 325 2251 Μ.
347 2186 529 2252 Laudemus
552 2187 655 2272 igitur
677 2186 767 2270 prius
791 2187 898 2272 legem
920 2187 1027 2271 ipsam
1048 2186 1134 2251 veris
1152 2190 1186 2250 et

178 2275 471 2429 {mpsliisssenfflssl
487 2274 538 2339 sui
554 2275 715 2427 {miditi'us‘
746 2275 823 2341 Ara
838 2272 922 2340 Sane
940 2275 1079 2359 quidem,
1102 2274 1226 2340 siout1⁵

200 2387 300 2430 erer
339 2386 437 2428 onum
474 2385 532 2427 ee
570 2385 634 2428 eois
653 2386 672 2426 ι.

244 2385 442 2518 Mgiiidetis
470 2385 572 2538 iggitur
599 2452 813 2536 magistratus
840 2450 924 2516 hano
947 2472 1019 2516 esee
1041 2451 1122 2535 vim,
1148 2454 1186 2516 ut

177 2542 301 2626 praesit
319 2540 583 2626 praescribatque
601 2544 690 2604 reeta
709 2543 742 2604 et
760 2540 856 2604 utilia
874 2543 907 2604 et
925 2540 1097 2605 ooniunota
1112 2562 1185 2605 eum

177 2629 315 2715 legibus.
364 2627 412 2694 Ut
448 2627 534 2693 euim
565 2628 812 2713 magistratibus
844 2628 947 2713 leges,
983 2627 1032 2693 ita
1062 2629 1185 2712 populo

177 2720 333 2802 praesunt
362 2717 590 2802 magistratus,
619 2737 757 2800 vereque
787 2716 850 2780 diei
876 2719 986 2801 potest
1013 2716 1185 2801 magistra·
1198 2733 1225 2772 2⁰

178 2810 249 2871 tum
272 2806 378 2890 legem
402 2827 472 2869 esse
495 2804 691 2895 loquentem,
713 2805 820 2890 legem
844 2808 952 2868 autem
974 2808 1102 2870 mutum
1120 2827 1186 2868 rua·

142 2895 364 2980 agistratum.
409 2891 502 2958 Nihil
530 2914 627 2977 porro
656 2896 727 2956 tam
755 2897 867 2977 aptum
895 2896 945 2956 est
973 2893 1014 2958 ad
1040 2893 1090 2957 ius
1114 2913 1186 2958 eon-

140 3049 144 3056 ,
179 2982 400 3065 dicionemque
425 2985 562 3046 naturae
590 2979 690 3064 (quod
718 3002 816 3065 quom
844 2980 927 3066 dieo,
954 2981 1062 3067 legem
1092 3003 1113 3046 a
1134 3003 1185 3046 me

179 3070 241 3134 diei
263 3068 413 3155 intellegi
435 3067 525 3154 volo)
549 3091 646 3152 quam
668 3069 854 3153 imperium3
876 3069 945 3133 siue
969 3091 1033 3153 quo
1055 3091 1115 3134 neo
1134 3069 1185 3134 do

178 3179 251 3222 mus
280 3159 349 3223 ulla
376 3178 436 3222 neo
462 3157 577 3222 civitas
603 3178 663 3221 neo
687 3178 766 3242 gens
789 3178 848 3222 neo
870 3156 1039 3222 homiuum
1061 3158 1186 3222 univer-
1199 3176 1225 3216 2⁵

179 3266 251 3309 sum
285 3266 386 3329 genua
418 3249 506 3316 stare
534 3267 593 3310 neo
618 3266 727 3308 rerum
753 3249 872 3309 natura
899 3245 1004 3310 omnis
1031 3267 1090 3310 neo
1117 3247 1185 3330 ipse

178 3331 316 3396 mundus
335 3336 459 3418 potest3
475 3354 552 3398 nam
571 3336 605 3398 et
618 3332 671 3398 hio
685 3333 744 3397 deo
757 3337 861 3418 paret,
876 3336 909 3397 et
922 3333 998 3398 huie
1012 3333 1186 3399 oboediunt

179 3419 283 3483 maria
314 3423 498 3505 terraeque,
531 3423 564 3486 et
593 3421 761 3486 hominum
792 3421 861 3487 vita
890 3421 987 3487 iussis
1018 3444 1186 3507 supremae

139 3484 262 3600 {legis
287 3507 500 3593 obtemperat.
536 3509 645 3593 Atque
668 3513 705 3574 ut
728 3509 770 3574 ad
791 3509 872 3574 haee
889 3509 1042 3576 citeriora
1059 3511 1185 3576 veniam
