2578 3874
190 197 257 262 418
596 197 647 252 DE
664 196 819 255 LEGIBUS

189 365 264 407 rum
291 342 474 428 ostendere,
500 363 567 410 non
588 341 780 428 videa-cur
802 365 873 408 esse
897 343 1130 408 divinationem
1152 365 1205 408 ne·

68 454 69 458 ¹
138 446 172 496 33
192 453 281 517 gem,
304 435 380 496 sunt
404 435 514 496 autem
537 453 588 516 ea,
612 453 695 516 quae
712 433 821 517 posui,
844 454 883 497 ex
907 432 1024 516 quibus
1047 432 1094 514 id,
1118 431 1205 516 quod

190 520 356 604 volumus,
379 520 519 585 efficitur
542 524 576 584 et
598 521 736 606 cogitur.
772 519 843 584 Iam
865 542 943 586 vero
966 520 1204 604 permultorum

191 608 413 694 exemplorum
436 611 469 673 et
491 612 605 673 nostra
627 613 678 674 est
700 608 798 694 plena
820 630 872 673 res
890 609 1023 694 publica
1040 611 1075 673 et
1093 609 1206 673 omnia

191 717 293 783 regna
320 718 495 780 omnesque
521 697 636 782 populi
668 701 865 781 cunctaeque
893 701 1007 782 gentes
1041 714 1230 782 augurum⁵

190 785 365 870 praedietis
396 786 502 849 multa
533 785 766 850 incredibiliter
797 806 875 850 vcra
902 785 1068 869 cecidisse,
1099 807 1205 868 neque

191 873 278 938 enim
304 872 433 958 Polyidi
461 894 566 957 neque
593 873 808 959 Melampodis
838 894 942 958 neque
965 873 1074 958 Mopsi
1099 895 1205 957 neque

191 960 385 1047 Amphiarai
407 983 511 1045 neque
529 960 719 1027 Calchantis
741 983 845 1046 neque
864 961 981 1026 Heleni
999 965 1130 1026 tantum
1147 983 1206 1026 no·

191 1071 264 1115 men
301 1050 430 1132 fuisset,
466 1071 570 1134 neque
607 1053 659 1114 tot
689 1050 837 1115 nationes
876 1050 910 1115 id
946 1050 988 1114 ad
1022 1050 1085 1114 hoc
1124 1053 1205 1114 tem·

191 1159 252 1222 pus
284 1137 509 1222 retinuissent,
544 1142 582 1203 ut
612 1138 795 1224 Phrygum,
831 1138 1031 1222 Lycaonum,
1063 1137 1205 1203 Cilicum
1218 1153 1242 1195 1⁰

191 1225 394 1310 maximeque
416 1225 610 1312 Pisidarum,
632 1228 697 1291 nisi
719 1230 866 1292 vetustas
890 1248 929 1292 ea
951 1229 1040 1292 certa
1059 1248 1130 1292 esse
1149 1226 1205 1291 do·

191 1315 324 1398 auisset,
354 1335 414 1380 nec
445 1337 522 1380 vero
552 1314 711 1380 Romulus
742 1319 855 1380 noster
887 1316 1054 1400 auspicato
1087 1315 1204 1379 urbem

191 1403 396 1487 condidisset,
417 1424 522 1488 neque
538 1403 613 1468 Atti
631 1403 730 1468 Navii
752 1425 872 1468 nomen
894 1403 1051 1468 memoria
1070 1404 1204 1469 floreret

190 1495 261 1556 tam
288 1490 356 1576 diu,
382 1491 447 1556 nisi
474 1513 586 1556 omnes
613 1492 649 1556 hi
676 1493 781 1556 multa
804 1493 845 1556 ad
867 1492 1040 1556 veritatem
1063 1491 1203 1556 admira-

191 1579 272 1644 bilia
295 1579 460 1644 dixissent.
497 1577 560 1644 Sed
583 1579 716 1644 dubium
738 1602 805 1645 non
826 1583 886 1663 est,
909 1581 987 1664 quin
1009 1580 1091 1645 haec
1109 1579 1240 1645 disci-1⁵

191 1668 283 1753 plina
309 1670 343 1732 et
371 1689 424 1734 ars
452 1690 613 1754 augurum
640 1668 807 1733 evanuerit
834 1669 901 1733 iam
924 1672 958 1733 et
979 1672 1146 1733 vetustate
1169 1671 1204 1732 et

191 1755 407 1841 neglegentia.
442 1755 496 1820 Ita
518 1777 622 1841 neque
644 1757 696 1820 illi
718 1756 892 1840 adsentior,
915 1757 971 1840 qui
993 1757 1078 1822 hanc
1102 1757 1204 1821 scien-

191 1844 273 1908 tiam
299 1847 399 1929 negat
425 1866 579 1929 umquam
601 1845 636 1909 in
657 1848 771 1909 nostro
794 1844 934 1931 collegio
955 1845 1070 1930 fuisse,
1095 1866 1203 1930 neque

191 1932 255 2016 illi,
288 1933 344 2016 qui
375 1953 446 1997 esse
473 1933 573 1997 etiam
598 1955 684 1998 nunc
710 1936 820 2018 putat3
852 1955 934 2018 quaa
962 1933 1043 1998 mihi
1071 1933 1204 1998 videtur

192 2019 278 2104 apud
306 2020 444 2085 maiores
471 2021 572 2086 fuisse
596 2021 727 2106 duplex,
754 2025 791 2085 ut
814 2021 855 2085 ad
877 2021 926 2085 rei
947 2021 1099 2106 publicae
1120 2025 1203 2086 tem·
1217 2037 1241 2077 20

192 2129 253 2193 pus
283 2129 350 2173 non
376 2130 567 2193 numquam,
599 2110 640 2173 ad
668 2110 785 2194 agendi
812 2109 983 2174 eonsilium
1011 2110 1203 2194 saepissime

140 2209 176 2258 34
194 2196 380 2282 pertineret.
415 2197 493 2262 Ara
517 2195 619 2262 Credo
642 2197 751 2262 hercle
769 2197 821 2281 ita
844 2219 915 2263 esse
937 2198 1057 2282 istique
1079 2198 1204 2264 rationi

192 2285 400 2370 potissimum
423 2285 596 2350 adsentior.
633 2282 695 2349 Sed
718 2285 814 2350 redde
836 2290 953 2351 cetera.

141 2375 183 2439 14
257 2373 306 2439 M.
329 2372 475 2438 Reddam
492 2396 578 2458 vero,
602 2377 636 2438 et
652 2373 694 2458 id,
718 2373 747 2437 si
764 2378 888 2458 potero,
910 2374 1011 2439 brevi.
1047 2371 1203 2458 Sequitur

193 2461 279 2526 enim
298 2461 337 2526 de
354 2462 424 2527 inre
442 2462 536 2546 be1113
552 2462 588 2526 in
606 2484 669 2545 quo
688 2464 722 2526 et
740 2462 944 2547 suscipiendo
964 2466 996 2527 et
1011 2463 1154 2548 gerendo
1169 2465 1203 2526 et
1216 2475 1240 2516 ²⁵

193 2549 380 2634 deponendo
392 2550 443 2614 ius
457 2553 495 2614 ut
507 2550 685 2635 plurimum
698 2549 823 2615 valeret
834 2554 868 2615 et
876 2551 966 2635 fides,
979 2572 1156 2635 eorumque
1164 2553 1202 2615 ut

192 2637 313 2723 publici
330 2638 525 2722 interpretes
539 2642 656 2722 essent,
675 2639 747 2724 lege
761 2639 935 2704 sanximus.
966 2638 1038 2705 Iam
1052 2639 1091 2704 de
1106 2639 1202 2704 haru-

193 2725 318 2810 spicum
340 2727 511 2812 religione,
535 2726 574 2790 de
597 2726 836 2811 expiationibus
859 2731 893 2792 et
914 2727 1202 2812 procurationibus

193 2818 245 2878 sat
259 2835 330 2878 esse
342 2815 438 2898 plane
451 2814 487 2878 in
499 2814 572 2899 ipsa
585 2814 658 2900 lege
672 2815 794 2880 dietum
807 2818 896 2900 puto.
925 2815 1002 2882 Aer.
1015 2816 1202 2899 Adsentior,

193 2902 346 2985 quoniam
361 2903 466 2967 omnis
479 2903 560 2968 haec
573 2902 609 2968 in
622 2902 779 2988 religione
793 2907 942 2968 versatur
956 2904 1070 2969 oratio.
1093 2905 1142 2969 M.
1154 2904 1202 2969 At
1215 2919 1239 2958 ³⁰

192 3011 269 3055 vero
298 2990 384 3074 quod
408 2991 566 3076 sequitur,
594 3012 658 3075 quo
681 2991 777 3056 modo
801 2996 858 3056 aut
880 2995 917 3057 tu
940 2993 1124 3057 adsentiare
1145 2999 1204 3058 aret

141 3090 174 3139 35
194 3099 254 3163 ego
277 3078 525 3163 reprehendam,
547 3101 625 3144 sane
649 3101 782 3163 quaero,
805 3078 887 3144 Tite.
923 3080 1000 3147 Am.
1023 3079 1107 3156 Quid
1130 3084 1202 3146 tan-
1278 3085 1281 3170 ς’

194 3165 266 3229 dem
295 3166 329 3229 id
359 3167 430 3232 est?
475 3169 523 3232 M.
549 3167 599 3231 De
628 3167 794 3232 nocturnis
826 3168 990 3233 sacrificiis
1018 3169 1201 3233 mulierum.
1279 3231 1280 3242 ,

192 3254 268 3318 Arr.
291 3252 363 3337 Ego
390 3277 469 3321 vero
492 3254 670 3338 adsentior,
700 3258 833 3340 excepto
856 3257 1048 3341 praesertim
1070 3257 1105 3321 in
1128 3258 1202 3342 ipsa

192 3341 266 3424 lege
285 3340 436 3405 sollemni
454 3343 610 3408 sacrificio
630 3365 667 3408 ac
685 3344 824 3428 publico.
856 3345 904 3409 M.
923 3344 1007 3421 Quid
1025 3367 1103 3430 ergo
1123 3349 1201 3430 aget
1214 3359 1238 3400 ³⁵

192 3424 327 3490 Iacchus
349 3428 627 3514 Eumolpidaeque
653 3431 758 3495 vostri
783 3435 816 3494 et
839 3437 979 3518 augusta
1000 3433 1059 3497 illa
1081 3437 1200 3516 myste-

193 3513 251 3596 ria,
277 3513 436 3596 siquidem
459 3539 552 3583 sacra
572 3522 732 3583 nocturna
754 3518 924 3585 tollimus?
946 3542 1012 3586 non
1034 3521 1122 3586 enim
1144 3543 1200 3606 po-
