2580 3874
170 163 213 226 14
479 161 530 216 DE
547 161 700 217 NATURA
717 159 873 216 DEORUM
914 157 920 174 ⁸

169 308 255 371 esset
277 305 450 392 infinitum,
473 306 569 372 deum
591 306 697 373 voluit
720 327 799 390 esse,
822 305 862 371 de
883 305 957 391 ipsa
974 309 1083 372 mente
1100 306 1188 372 item

168 393 425 480 reprehenditur,
446 399 485 460 ut
507 395 616 480 ceteri,
638 395 678 460 de
699 394 863 459 infinitate
885 397 995 460 autem
1012 395 1188 461 vehemen-

168 482 249 568 tius,
280 482 316 549 in
342 505 408 569 qua
433 483 517 548 nihil
543 505 648 568 neque
675 483 818 552 sentiens
847 504 952 568 neque
974 483 1186 549 coniunctum

125 577 128 584 '
170 574 382 658 potestesse.
427 571 515 636 Nam
532 571 742 638 Parmenides
766 571 896 656 quidem
919 573 1185 638 commenticium

170 661 326 745 quiddam
361 679 500 726 coronae
536 661 642 726 simile
675 659 776 725 efficit
807 655 992 746 (στεφάνην
1024 659 1184 746 appellat)
1225 681 1244 720 ⁵

170 749 358 814 continente
394 749 509 814 ardore
538 749 622 815 lucis
653 749 777 832 orbem,
812 749 872 833 qui
903 748 1016 833 cingat
1046 750 1186 834 caelum,

172 859 268 922 quem
296 837 442 921 appellat
464 837 574 920 deum3
601 837 723 922 inquo
746 857 851 920 neque
873 837 1013 921 figuram
1037 836 1186 902 divinam

171 946 276 1009 neque
308 946 439 991 sensum
471 926 645 1011 quisquam
674 924 834 1011 suspicari
860 927 983 1010 potest3
1015 926 1185 1010 multaque

172 1013 317 1078 eiusdem
334 1015 418 1079 modi
435 1019 593 1098 monstra,
615 1014 736 1098 quippe
759 1013 815 1097 qui
833 1013 964 1097 bellum,
986 1013 1043 1097 qui
1062 1013 1186 1079 discor-

172 1101 272 1184 diam,
300 1100 357 1186 qui
383 1102 597 1188 cupiditatem
625 1105 794 1186 ceteraque
822 1101 952 1185 generis
975 1101 1118 1167 eiusdem
1142 1103 1187 1167 ad
1203 1123 1240 1163 ιο

172 1190 268 1256 deum
285 1193 424 1275 revocet,
442 1212 525 1275 quae
543 1192 596 1255 vel
614 1191 729 1256 morbo
747 1190 799 1254 vel
817 1210 932 1254 somno
947 1190 1004 1274 ¹vel
1017 1190 1186 1256 oblivione

121 1327 162 1390 12
171 1279 224 1343 vel
250 1281 414 1344 vetustate
441 1279 602 1362 delentur;
634 1278 809 1362 eademque
837 1278 876 1343 de
899 1277 1073 1362 sideribus,
1099 1300 1187 1362 quae

119 1405 154 1454 29
172 1366 370 1452 reprehensa
400 1367 436 1432 in
467 1367 533 1432 alio
565 1367 633 1432 iam
660 1367 697 1431 in
722 1366 785 1432 hoo
811 1366 1014 1432 omittantur.
1062 1365 1186 1452 Empe-

172 1454 281 1520 docles
305 1458 414 1521 autem
437 1457 542 1520 multa
565 1454 632 1521 alia
654 1475 792 1540 peccans
814 1454 851 1519 in
873 1455 1008 1520 deornm
1030 1455 1186 1539 opinione

171 1544 370 1628 turpissume
389 1545 520 1609 labitur.
556 1542 718 1620 Quattuor
736 1543 823 1606 enim
839 1545 984 1626 naturas,
1008 1564 1047 1608 ex
1065 1544 1186 1627 quibus
1202 1562 1234 1604 1⁵

174 1632 284 1698 onmia
316 1635 465 1698 constare
496 1636 620 1717 censet,
653 1631 780 1696 divinas
812 1651 883 1696 esse
916 1632 1000 1715 rult3
1036 1653 1117 1715 quas
1151 1636 1188 1696 et

109 1799 114 1808 ἣ
172 1719 264 1784 nasci
292 1723 326 1785 et
353 1721 500 1806 extingui
527 1721 734 1806 perspicuum
763 1722 814 1806 est
840 1721 875 1784 et
896 1739 995 1784 sensu
1017 1721 1108 1785 omni
1131 1741 1185 1786 ca-

173 1829 254 1873 rere.
298 1806 369 1875 Nec
397 1831 474 1874 vero
497 1807 710 1894 Protagoras,
740 1808 796 1892 qui
826 1829 897 1872 sese
922 1812 1024 1891 negat
1051 1809 1185 1873 omnino

97 1935 99 1940 .
173 1896 212 1961 de
236 1895 304 1961 deis
326 1896 447 1962 habere
471 1897 558 1981 quod
581 1898 717 1982 liqueat,
745 1896 824 1980 sint,
852 1917 919 1961 non
942 1896 1008 1960 sint
1031 1896 1185 1981 qualesve

166 1985 253 2068 sint,
286 1985 460 2070 quicquam
487 1985 615 2050 videtur
642 1984 681 2049 de
708 1987 827 2050 natira
853 1984 987 2049 deorum
1015 1985 1185 2070 suspicari.
1201 2005 1232 2046 eo

173 2070 279 2148 Quid?
310 2072 533 2158 Democritus,
560 2075 617 2158 qui
644 2076 716 2138 turn
742 2072 903 2158 imagines
927 2093 1102 2158 earumque
1125 2074 1187 2138 cir·

173 2162 313 2226 cumitus
339 2163 376 2227 in
405 2162 538 2227 deorum
566 2183 702 2227 numero
732 2161 847 2248 refert,
874 2163 944 2226 tum
971 2161 1063 2227 illam
1090 2164 1187 2227 natu·

172 2245 550 2403 liliaqilldllgdi
573 2250 690 2403 illl*t
712 2249 1187 2403 i‘lnltlll'ldlfflillm

171 2358 342 2492 ddrsutdr?
364 2359 736 2510 1meinimiscrimino,
764 2425 841 2508 quia
867 2425 951 2490 nihil
974 2360 1103 2511 seniper
1124 2361 1186 2491 edd
1201 2445 1229 2487 aa

81 2545 83 2552 ·
175 2519 263 2580 statu
299 2518 444 2599 maneat,
485 2518 585 2600 neget
621 2536 691 2580 esse
727 2515 902 2598 quicquam
938 2515 1185 2600 sempiternum,

173 2625 282 2669 nonne
309 2603 403 2668 deum
428 2604 562 2669 omnino
585 2604 633 2667 ita
656 2602 758 2685 tollit,
784 2605 823 2665 ut
844 2603 973 2667 nullam
995 2603 1186 2689 opinionem

165 2693 244 2756 ¹eius
268 2691 427 2775 reliquam
449 2691 572 2757 faciat?
596 2689 701 2766 Quid?
725 2696 788 2773 aer,
813 2711 877 2774 quo
900 2689 1065 2776 Diogenes
1083 2691 1185 2777 Apol-

5 2845 6 2848 ,
173 2780 312 2845 loniates
339 2780 444 2845 utitur
471 2779 544 2863 deo,
571 2800 668 2863 quem
696 2800 827 2843 sensum
849 2778 971 2845 habere
994 2783 1105 2865 potest
1127 2784 1186 2846 aut

5 2849 7 2926 l
121 2879 156 2928 80
175 2889 272 2952 quam
305 2867 446 2932 formam
478 2867 552 2932 dei‘?
605 2866 677 2932 Iam
709 2866 748 2932 de
779 2867 928 2932 Platonis
959 2868 1185 2940 inconstantia
1199 2885 1227 2926 ³0

6 2971 7 2976 ’
174 2956 310 3040 longum
328 2959 379 3021 ost
397 2957 513 3040 dicere,
532 2955 589 3040 qui
605 2955 641 3020 in
653 2955 788 3021 Timaeo
806 2959 936 3040 patrem
955 2956 1052 3021 huius
1071 2957 1185 3023 mundi

173 3043 338 3109 nominari
363 3047 462 3129 neget
487 3042 597 3128 posse',
623 3044 659 3108 in
683 3044 809 3130 Legum
836 3046 946 3110 autem
973 3045 1079 3129 libris,
1107 3046 1185 3130 quid

174 3133 219 3197 sit
241 3132 374 3197 omnino
399 3132 486 3217 deus,
510 3132 639 3217 anquiri
658 3135 809 3218 oportere
827 3154 894 3199 non
913 3137 1052 3199 censeat.
1092 3132 1185 3210 Quod

174 3218 252 3285 vero
275 3220 345 3285 sine
368 3241 503 3306 corpore
525 3221 594 3286 ullo
618 3220 713 3286 deum
736 3221 809 3286 vult
831 3242 916 3306 esse,
938 3225 977 3286 ut
1001 3221 1116 3288 Graeci
1139 3222 1186 3287 di-

175 3311 267 3393 cunt,
299 3303 489 3394 ἀσώματον,
515 3309 549 3374 id
576 3309 672 3394 quale
700 3329 770 3374 esse
797 3311 914 3394 possit,
941 3309 1089 3396 intellegi
1117 3333 1185 3376 non
1198 3326 1225 3370 cs

174 3399 298 3483 potest3
326 3401 436 3462 careat
462 3397 549 3463 enim
577 3419 673 3462 sensu
701 3418 833 3463 necesse
861 3401 924 3482 est,
948 3402 1057 3464 cureat
1084 3400 1185 3465 etiam

174 3486 360 3571 prudentia,
396 3489 505 3551 careat
536 3486 720 3570 voluptate3
756 3506 839 3569 quac
872 3487 983 3552 omnia
1014 3509 1079 3552 una
1111 3510 1186 3554 cum
