2566 3876
246 302 249 308 .
275 201 279 210 '
375 215 441 295 ΜΒ,
460 215 507 273 111.
527 211 602 272 esf.
623 222 701 273 1-3.
719 221 735 282 a
755 223 831 272 1-c.
1038 215 1105 282 433

104 362 140 425 et
157 359 287 425 notiora
303 359 408 444 nobis,
426 381 537 425 omnes
557 359 708 444 antiquae
727 363 839 447 gentes
857 359 989 446 regibus
1007 382 1106 444 quon·

105 447 181 512 dam
204 452 390 532 paruerunt.
433 447 525 524 Quod
549 469 650 534 genus
672 448 801 533 imperii
823 448 964 534 primum
987 449 1028 513 ad
1050 449 1106 515 ho·

104 536 208 600 mines
231 536 426 601 iustissimos
449 541 482 601 et
500 535 755 622 sapientissimos
775 537 979 602 deferebatur
996 533 1106 622 (idque

105 625 171 706 [ut]
193 623 229 688 in
250 645 286 689 re
307 624 439 710 publica
459 628 573 690 nostra
594 624 732 690 maxime
752 625 867 709 valuit,
888 625 993 709 quoad
1011 625 1041 690 ei
1058 647 1106 690 re·

74 711 191 799 agatis
209 715 355 797 potestas
373 710 537 800 praefuit),
556 711 668 778 deinde
687 713 786 778 etiarn
803 712 952 798 deinceps
966 713 1106 798 posteris

104 799 311 885 prodebatur,
335 801 420 886 quod
444 803 503 882 [ct]
526 801 623 866 iniis
647 800 755 885 etiam,
779 801 834 886 qui
855 822 940 866 nunc
958 803 1107 887 regnant,

105 891 224 954 manet.
265 885 387 963 Quibus
407 892 515 954 autem
533 889 625 976 regia
640 892 787 975 potestas
804 910 871 955 non
887 889 1020 975 placuit,
1040 911 1108 955 non

104 976 131 1040 ii
153 975 282 1060 nemini,
305 977 449 1042 sednon
472 999 598 1063 semper
619 977 676 1042 nni
693 999 807 1063 parere
825 977 1005 1043 voluerunt.
1036 976 1106 1043 Nos

107 1067 217 1129 autem
239 1065 392 1149 quoniam
414 1066 504 1150 leges
527 1066 640 1131 damus
662 1063 775 1130 liberis
796 1066 940 1152 populis,
963 1088 1106 1150 quaeque

62 1173 90 1212 ιο
105 1153 146 1217 de
175 1153 299 1237 optima
327 1175 362 1218 re
389 1153 521 1238 publica
543 1153 749 1238 sentiremus,
779 1154 814 1218 in
836 1175 891 1218 sex
914 1154 1007 1218 libris
1031 1157 1107 1219 ante

105 1239 254 1324 diximus,
271 1241 584 1307 accommodabimus
603 1241 665 1308 hoe
682 1245 827 1327 tempore
846 1242 935 1328 leges
950 1242 991 1307 ad
1003 1242 1107 1326 illum,

104 1350 202 1413 quem
219 1329 404 1414 probamus,
421 1329 563 1395 civitatis
583 1333 713 1395 statum.
744 1329 991 1416 Magistratibus
1005 1330 1108 1416 igitur
1124 1343 1141 1393 5

105 1437 188 1501 opus
217 1420 280 1501 est,
312 1417 380 1483 sine
411 1439 547 1503 quorum
575 1418 747 1504 prudentia
776 1441 813 1484 ac
841 1418 1011 1504 diligentia
1037 1439 1107 1484 csse

105 1504 221 1570 civitas
243 1527 310 1571 non
331 1508 453 1592 potest,
481 1528 679 1591 quorumque
702 1506 910 1592 discriptione
933 1506 1038 1572 omnis
1060 1505 1108 1571 rei

63 1592 256 1679 republicae
273 1594 453 1660 moderatio
471 1594 662 1660 continetur.
693 1592 805 1679 Neque
825 1595 929 1659 solum
948 1594 999 1659 his
1016 1615 1107 1680 prae·

105 1681 291 1746 scribendus
315 1685 365 1747 est
386 1682 575 1767 imperandi,
598 1682 654 1746 sed
676 1682 775 1747 etiam
797 1682 921 1748 civibus
944 1682 1107 1767 obtempe-

105 1769 199 1834 randi
221 1770 349 1854 modns3
375 1791 453 1835 nam
475 1774 508 1834 et
531 1770 586 1855 qui
607 1770 689 1835 bene
711 1771 860 1856 imperat,
881 1771 1027 1856 paruerit
1049 1770 1106 1835 ali·

106 1856 234 1941 quando
252 1879 382 1923 neeesse
400 1862 458 1942 est,
481 1861 514 1923 et
533 1857 588 1943 qui
605 1859 750 1924 modeste
768 1861 872 1943 paret,
894 1858 1029 1943 videtur,
1052 1858 1107 1943 qui

107 1944 280 2029 aliquando
310 1946 461 2031 imperet,
494 1947 609 2034 dignus
643 1968 721 2012 esse.
765 1945 880 2031 Itaque
912 1951 1041 2031 oportet
1073 1952 1107 2012 et

63 2053 92 2094 so
108 2055 194 2118 eum,
216 2033 272 2118 qni
293 2038 400 2120 paret,
423 2055 553 2119 sperare
576 2057 610 2100 se
633 2034 742 2119 aliquo
764 2038 910 2120 tempore
932 2035 1071 2120 imperat
1093 2072 1106 2083 -

106 2143 179 2186 rum
208 2126 241 2186 et
268 2122 376 2207 illum,
406 2123 462 2207 qui
487 2123 640 2208 imperat,
669 2123 814 2209 cogitare
841 2123 933 2188 brevi
961 2127 1106 2209 tempore

107 2209 170 2274 sibi
192 2231 262 2276 esse
283 2211 468 2296 parendum.
508 2209 576 2276 Nec
598 2233 674 2276 vero
698 2213 802 2276 solum
823 2215 862 2277 ut
884 2212 1106 2296 obtemperent

107 2298 341 2383 oboediantque
368 2299 629 2385 magistratibus,
656 2300 712 2364 sed
738 2299 837 2364 etiam
859 2302 897 2364 ut
920 2321 973 2364 cos
997 2300 1106 2364 colant

107 2385 316 2470 diligantque,
338 2387 598 2472 praescribimus,
620 2391 657 2452 ut
676 2385 862 2452 Charondae
885 2387 920 2451 in
942 2386 1009 2452 suis
1026 2387 1106 2453 facit

62 2492 91 2533 rs
106 2472 246 2558 legibus3
271 2477 382 2540 noster
409 2497 486 2540 vero
507 2474 604 2540 Plato
626 2474 778 2540 Titanum
805 2497 823 2539 e
851 2495 967 2560 genere
989 2475 1106 2541 statuit

107 2583 174 2644 eos,
198 2562 265 2646 qui,
288 2566 325 2628 ut
347 2563 397 2627 illi
420 2563 625 2648 caelestibus,
649 2563 694 2629 sic
716 2563 752 2628 hi
774 2562 984 2627 adversentur
1006 2563 1106 2649 magi·

106 2650 270 2715 stratibus.
316 2649 404 2726 Quae
433 2674 530 2736 quom
556 2651 604 2716 ita
631 2652 710 2736 sint,
742 2651 782 2716 ad
808 2651 896 2736 ipsas
923 2651 989 2716 iam
1016 2652 1105 2737 leges

105 2737 280 2821 veniamus,
303 2739 331 2803 si
353 2740 468 2824 placet.
504 2740 580 2806 Arr.
602 2739 683 2804 Mihi
706 2761 782 2804 vero
806 2742 840 2804 et
860 2738 948 2803 istud
970 2742 1004 2804 et
1027 2740 1105 2805 ordo

105 2825 168 2890 iste
190 2849 298 2900 rerum
319 2827 435 2912 placet

62 2931 91 2972 co
171 2914 218 2978 M.
249 2913 358 2979 Iusta
388 2915 550 3000 imperia
582 2920 708 2999 sunto,
743 2915 869 2999 iisque
900 2915 1003 2981 cives
1030 2886 1143 3012 me}

106 3001 213 3067 desto
232 3025 274 3068 ac
293 3003 373 3068 sine
392 3004 636 3068 recusatione
654 3008 829 3088 parent03
848 3002 1103 3088 magistratus

104 3111 172 3156 nec
195 3091 463 3156 oboedientem
486 3094 523 3156 et
545 3091 699 3156 noxium
722 3091 998 3174 eivem'multa,
1025 3092 1105 3156 vin·

105 3178 204 3242 culis
230 3179 506 3245 verberibusve
535 3179 753 3263 coherceto,
783 3179 823 3243 ni
845 3203 914 3265 par
936 3180 1105 3245 maiorve

104 3269 281 3349 potestas
309 3268 524 3353 populusve
549 3266 803 3352 prohibessit,
831 3268 876 3332 ad
904 3289 997 3352 quos
1019 3289 1105 3352 pro-

63 3354 257 3418 avocatio
285 3360 376 3421 esto.
422 3353 539 3430 Quom
566 3355 799 3441 magitratus
822 3355 1028 3421 iudicassit
1050 3357 1105 3420 in·

103 3442 337 3528 rogassitve,
359 3465 426 3528 per
447 3443 631 3528 populum
653 3444 796 3508 multae
819 3465 964 3528 poenae
983 3449 1105 3509 certa·

103 3529 159 3594 tio
189 3535 279 3596 esto.
326 3531 494 3596 Militiae
523 3531 570 3596 ab
598 3551 653 3615 eo,
684 3531 747 3615 qui
769 3531 993 3616 imperabit,
1019 3555 1105 3616 pro·

158 3641 212 3684 oro.
225 3643 267 3684 Ν.
281 3645 300 3684 a.
858 3639 892 3687 28
