2590 3880
325 95 394 152 nm.
412 97 433 152 ι
454 96 664 156 0AP.41-44.
683 103 699 164 a
718 104 867 154 rra-122.
1059 99 1104 166 43

87 241 238 304 strantnr
262 239 403 306 deorum
445 239 566 306 Utrum
587 241 690 326 igitur
711 241 765 309 hic
787 243 997 312 confirmasse
1019 243 1104 308 vide·

86 331 143 392 tur
170 326 365 412 religionem
388 350 431 394 an
453 329 583 412 penitus
606 333 713 398 totam
735 331 930 398 sustulisse?
977 331 1104 399 Omitto

86 415 280 482 Eleusinem
303 419 395 483 sanet
396 439 449 482 am
472 417 565 484 illam
588 420 622 482 et
645 422 828 504 augustam,

156 503 233 570 Ubi
255 502 468 572 initiantur
491 508 627 590 gentes
651 527 805 574 orarum
826 507 1005 593 illimes,

59 596 260 678 epraetereo
284 589 543 660 Samothraciam
567 615 677 679 eaque,
701 617 783 679 quae
805 594 921 664 Lemni

155 679 357 746 Noctdrno
381 681 489 748 aditu
513 683 664 749 eccult‘
647 705 667 748 a
689 684 885 768 coluntur,

202 767 468 836 Silvestribus
490 770 673 855 saepibus
697 770 826 838 densa

85 856 214 934 Quibus
251 857 422 942 explicatis
459 858 500 926 ad
535 859 760 943 rationemque
796 860 957 928 revocatis
993 881 1104 926 rerum

86 946 196 1030 magis
219 949 339 1012 natura
360 946 569 1031 cognoscitur
592 969 689 1030 quam
713 947 854 1013 deorum.
1073 998 1157 1062 43

46 1055 73 1094 ιι
155 1033 239 1100 Mihi
258 1033 388 1117 quidem
406 1034 506 1100 etiam
519 1035 735 1120 Democritus,
753 1035 803 1102 vir
821 1058 960 1122 magnus
978 1035 1014 1102 in
1030 1035 1157 1136 pri-120

86 1123 167 1207 mis,
199 1122 289 1188 cuius
320 1121 468 1188 fontibus
499 1123 659 1208 Epicurus
693 1123 843 1190 hortulos
876 1145 954 1190 suos
984 1124 1104 1224 inriga·

86 1211 151 1295 vit,
186 1213 303 1276 nutare
335 1210 503 1276 videtur
494 1233 529 1276 m
559 1215 678 1277 natura
709 1211 851 1280 deorum.
902 1211 985 1278 Tum
1018 1213 1105 1278 enim

87 1301 201 1366 censet
228 1298 390 1384 imagines
412 1299 563 1400 divinitat
549 1304 584 1365 te
604 1299 802 1384 praeditas
793 1322 899 1368 messe
921 1300 958 1368 in
979 1300 1105 1366 univer

88 1388 190 1453 sitate
209 1408 326 1471 rerum,
348 1390 420 1452 tum
437 1387 598 1472 principia
612 1389 740 1472 mentis,
764 1410 847 1472 quae
861 1389 977 1454 sintin
991 1389 1105 1454 eodem

47 1494 74 1534 1⁵
87 1476 257 1557 universo,
289 1475 365 1540 deos
399 1497 469 1540 esse
502 1476 593 1560 dicit,
625 1479 697 1542 tum
724 1476 944 1542 animantes
934 1477 1104 1576 imagines,

88 1585 175 1649 quae
201 1525 257 1630 vel
281 1563 436 1648 prodesse
462 1564 558 1630 nobis
584 1527 714 1630 soleant
736 1565 789 1630 vel
811 1586 942 1649 nocere,
965 1564 1067 1630 tum
1058 1586 1105 1628 m-

88 1652 199 1739 gentis
237 1651 439 1735 quasdam
429 1652 591 1738 rmagines
625 1655 814 1737 tantasque,
849 1656 888 1719 ut
918 1653 1105 1718 universum

87 1740 248 1841 mundum
294 1741 539 1824 conplectantur
588 1741 800 1824 extrinsecus3
846 1763 928 1826 quae
975 1741 1105 1826 quidem

90 1828 204 1894 omnia
231 1831 308 1896 sunt
333 1829 443 1929 patria
464 1828 646 1896 Democriti
619 1833 767 1913 tquam
788 1828 977 1896 Democrito
1002 1828 1105 1915 digni-

47 1937 75 1977 ιι
88 1940 158 1984 ora.
200 1915 279 1992 Quis
303 1917 388 1980 enim
410 1917 524 1984 istas
515 1917 675 2018 imagines
698 1917 957 2003 conprehendere
981 1918 1156 1984 animo121

88 2005 224 2091 potest?
257 2005 329 2089 quis
358 2005 533 2070 admirari?
567 2006 640 2090 quis
668 2009 726 2072 aut
752 2006 819 2072 cult
821 2027 842 2070 u
865 2009 923 2072 aut
946 2006 1105 2092 religione

89 2095 208 2180 dignas
235 2093 399 2159 iudicare?
443 2093 605 2178 Epicurus
632 2115 709 2159 vero
733 2116 771 2160 ex
794 2094 913 2162 animis
936 2094 1106 2160 hominum

89 2181 235 2248 extraxit
256 2181 411 2248 radicitus
434 2182 636 2268 religionem,
658 2204 732 2248 cum
755 2181 804 2247 dis
823 2182 1053 2248 inmortalibus
1073 2185 1106 2248 et

89 2292 189 2356 opem
221 2273 255 2334 et
287 2270 430 2356 gratiam
463 2270 606 2335 sustulit.
656 2268 739 2336 Cum
772 2270 858 2336 enim
886 2271 1045 2355 optimam
1073 2273 1107 2336 et

47 2379 75 2420 as
88 2358 409 2445 praestantissimam
431 2361 584 2424 naturam
607 2357 658 2422 dei
681 2358 767 2424 dicat
790 2380 874 2442 esse,
895 2363 997 2445 negat
1019 2357 1105 2422 idem

89 2469 164 2514 esse
186 2446 222 2512 in
245 2446 305 2512 deo
323 2447 478 2532 gratiam3
500 2447 591 2512 tollit
608 2446 651 2530 id,
675 2447 761 2531 quod
779 2447 919 2513 manime
937 2445 1106 2531 proprium

90 2539 144 2602 est
167 2535 312 2621 optimae
333 2535 701 2619 praestantissimaeque
722 2538 867 2600 naturae.
913 2532 997 2610 Quid
1020 2533 1106 2598 enim

90 2623 211 2690 melius
234 2626 292 2688 aut
314 2623 393 2705 quid
414 2623 634 2707 praestantius
654 2623 801 2690 bonitate
820 2626 853 2688 ct
871 2621 1105 2688 beneficentia?

90 2711 165 2788 Qua
187 2734 260 2777 cum
283 2733 392 2776 carere
416 2712 511 2777 deum
532 2712 604 2776 vult
590 2711 642 2796 tic,
664 2711 828 2776 neminem
850 2710 910 2774 deo
932 2731 992 2776 nec
1011 2708 1106 2774 deum

48 2818 76 2859 ιιι
89 2823 152 2868 nec
174 2799 341 2866 hominem
363 2821 483 2882 carum,
505 2800 667 2866 neminem
690 2799 731 2864 ab
751 2821 789 2865 eo
809 2797 921 2882 amari,
942 2797 1105 2864 neminem

90 2888 189 2989 diligi
217 2888 299 2953 vult'
275 2892 328 2953 trs
372 2887 426 2954 Ita
453 2888 506 2972 fit
536 2892 574 2953 ut
600 2910 667 2954 non
693 2887 789 2954 modo
813 2885 961 2951 homines
985 2908 1005 2950 a
1028 2885 1106 2970 deis,

91 2976 182 3044 sed
172 2999 207 3062 rp
209 2975 238 3042 si
261 2975 380 3040 dei't
329 2979 380 3040 mt
382 2998 415 3040 er
430 2997 469 3078 ρο
487 2976 529 3042 ab
549 2976 622 3041 aliis
642 2975 699 3040 alii
717 2975 895 3061 neglegant
895 2996 944 3042 ur.
976 2971 1160 3049 Quant044

91 3000 207 3132 Stoici
224 3064 355 3147 melius,
384 3064 439 3149 qui
467 3087 487 3129 a
509 3065 603 3130 vobis
626 3063 919 3164 reprehenduntur!
965 3060 1107 3130 (lensent

92 3158 204 3220 autem
223 3153 352 3253 sapient
353 3174 387 3219 es
407 3152 607 3252 sapientibus
627 3153 728 3218 etiam
745 3151 868 3237 ignotis
887 3172 958 3216 esse
974 3151 1105 3218 amicos.

52 3258 77 3300 ιι
90 3241 186 3308 Nihil
215 3245 265 3306 est
292 3240 377 3306 enim
404 3241 455 3304 vir
455 3245 526 3307 tute
554 3240 741 3324 amabilius3
768 3261 866 3324 quam
890 3239 946 3324 qui
967 3239 1105 3324 adeptus

92 3331 165 3414 erit,
186 3328 383 3413 ubicumque
407 3328 469 3394 erit
492 3328 648 3414 gentium,
671 3327 807 3394 anobis
827 3327 991 3414 diligetur.
1022 3325 1091 3392 Vos
1107 3337 1158 3385 122

91 3422 204 3485 autem
228 3417 307 3502 quid
329 3416 409 3482 mali
431 3416 530 3499 datis,
554 3439 627 3483 cum
649 3417 685 3481 ia
707 3414 867 3482 inbecillit
853 3420 921 3482 tate
944 3415 1106 3502 gratifica·
