2596 3882
192 161 256 226 276
550 161 599 216 DE
618 160 667 215 RE
684 159 841 216 PUBLIGA

191 305 364 390 audienda,
391 328 465 372 cum
486 306 535 371 itu
557 305 681 390 dieunt,
708 306 857 370 accedere
881 305 1012 370 adrem
1035 304 1202 391 publicam

191 394 381 480 plenumque
403 394 552 459 homines
574 394 667 459 nulla
683 415 719 458 re
737 394 824 459 bonu
842 393 968 479 dignos,
990 416 1064 458 cum
1081 393 1202 478 quibus

9 489 11 612 l
190 509 217 562 p.
233 484 280 565 89]
305 483 487 568 comparari
510 482 684 566 sordidum,
707 481 881 567 confligere
901 481 906 566 Ι
927 485 1036 546 autem
1054 481 1203 546 multitu-

190 570 265 636 dine
291 569 485 656 praesertim
510 570 647 635 incitato
673 569 829 634 miserum
851 573 885 634 et
906 569 1124 654 periculosum
1147 569 1202 635 sit.

190 656 435 735 Quamobrem
446 679 550 743 neque
560 657 715 743 sapientis
730 678 800 722 esse
810 657 954 742 occipere
963 657 1116 741 habenas,
1125 679 1202 722 cum
1232 676 1246 717 ε

189 746 322 811 insanos
350 750 448 830 atque
475 746 652 812 indomitos
678 746 820 831 impetus
847 745 940 831 volgi
962 745 1111 810 cohibere
1132 767 1204 809 non

189 835 304 919 possit,
317 855 421 918 neque
436 834 531 898 liberi
545 856 618 898 cum
637 833 763 918 inpuris
778 837 876 918 atque
889 833 1074 898 inmanibus
1089 833 1203 898 edver-

191 922 285 988 sariis
300 921 518 987 decertantem
531 922 584 986 vel
598 921 868 986 contumeliarum
881 921 1017 986 verbera
1029 921 1137 986 subire
1146 921 1203 986 vel

190 1013 359 1095 expectare
380 1009 520 1094 sapienti
537 1031 604 1075 non
620 1009 770 1074 ferendas
788 1009 938 1094 iniurius3
955 1009 1091 1094 proinde
1105 1010 1202 1094 qussi

189 1125 217 1178 p.
236 1099 284 1180 eo]
300 1096 396 1162 bonis
417 1101 450 1162 et
467 1097 608 1162 fortibus
628 1101 661 1162 et
679 1119 800 1183 magno
818 1097 926 1162 animo
945 1097 1101 1182 praeditis
1114 1095 1117 1183 l
1129 1097 1202 1162 ullo
1218 1118 1246 1158 ιο

191 1185 235 1250 sit
257 1185 298 1250 ad
320 1206 389 1249 rem
411 1186 576 1270 publicum
599 1185 736 1250 adeundi
759 1207 856 1251 cause
877 1185 1010 1270 iustior,
1038 1207 1135 1270 quam
1158 1207 1201 1250 no

189 1277 327 1359 pereant
344 1273 490 1358 inprobis
506 1296 588 1339 neve
611 1275 651 1339 ab
670 1273 773 1338 isdem
791 1273 929 1338 lacerari
946 1295 1015 1338 rem
1034 1273 1201 1359 publicum

149 1361 1200 1516 ⁶¹³milluiiiiii}tuliululffllililpllltiin‘litii‘

191 1537 277 1622 quod
301 1542 423 1624 negant
447 1473 628 1624 sapientiem
650 1473 875 1623 suscepiturum
898 1538 1002 1602 ullum
1023 1474 1201 1623 noippubli3
1216 1559 1244 1600 ιε

190 1647 246 1691 ceo
269 1629 406 1712 partem,
428 1629 522 1692 extra
544 1648 643 1711 quam
665 1626 694 1691 si
717 1647 790 1691 eum
813 1629 942 1712 tempus
966 1629 999 1690 et
1020 1626 1200 1691 necessitas

189 1713 355 1799 coegerit?
385 1714 478 1798 quusi
504 1736 581 1780 vero
609 1714 713 1780 maior
740 1714 891 1799 cuiquam
917 1715 1095 1780 necessitas
1119 1715 1201 1780 acci-

190 1801 264 1866 dere
291 1801 409 1886 possit,
440 1823 537 1886 quom
564 1803 681 1868 eccidit
708 1802 818 1886 nobis3
847 1802 883 1866 in
906 1823 970 1886 quo
993 1802 1070 1887 quid
1091 1801 1201 1868 fecere

189 1917 217 1969 p.
237 1891 284 1971 8³]
311 1890 504 1976 potuissem,
531 1888 536 1976 1
562 1890 627 1955 nisi
653 1895 724 1956 tum
747 1891 860 1956 consul
882 1889 1039 1956 fuissem?
1075 1889 1202 1957 Consul

190 1981 300 2042 eutem
327 1999 397 2043 esse
420 1978 476 2062 qui
497 1978 603 2064 potui,
632 1978 697 2042 nisi
720 1999 793 2043 eum
815 1978 903 2044 vites
926 1999 1056 2043 cursum
1078 1979 1202 2044 tenuis·
1215 1998 1243 2038 so
1289 1967 1291 1986 ¹

191 2087 259 2130 sem
282 2066 478 2151 apocrisia,
507 2087 566 2152 per
589 2087 685 2151 quem
707 2066 850 2151 equestri
873 2066 945 2132 loco
967 2070 1066 2131 nutus
1088 2089 1201 2152 perse·

188 2154 293 2218 ninom
317 2154 358 2218 ud
375 2153 532 2219 honorem
550 2153 811 2239 amplissimum?
838 2153 914 2219 Non
930 2154 1034 2240 igitur
1050 2159 1201 2240 potestus

190 2245 298 2307 estex
316 2244 471 2326 tempore,
494 2246 551 2307 eut
569 2263 642 2308 cum
660 2243 752 2327 velis,
775 2242 957 2327 opitulandi
975 2243 1201 2328 reipublicae,

191 2329 339 2414 quemvis
369 2351 408 2395 eu
434 2334 602 2415 prematur
628 2330 795 2416 periculis,
823 2330 888 2395 nisi
915 2351 954 2397 eo
977 2331 1049 2396 loco
1072 2331 1131 2414 sis,
1161 2335 1202 2396 ut

139 2432 170 2482 ιι
189 2418 252 2482 tibi
284 2417 319 2482 id
348 2417 456 2482 fucere
486 2419 593 2483 liceat.
639 2419 843 2504 Maximeque
875 2418 937 2484 hoc
967 2418 1003 2483 in
1028 2417 1200 2485 hominum
1215 2438 1240 2479 u

190 2505 360 2572 doctorum
383 2507 529 2572 oratione
553 2506 634 2570 mihi
651 2507 770 2571 mirum
788 2507 891 2572 videri
909 2509 1003 2592 solet,
1025 2507 1120 2592 quod,
1144 2509 1202 2592 qui

189 2622 217 2674 p.
232 2596 280 2675 84]
298 2593 477 2678 tranquillo
491 2588 589 2679 lmeri
608 2595 789 2680 gubernare
808 2616 842 2660 se
855 2599 976 2681 negent
989 2615 1094 2680 posse,
1113 2597 1202 2680 qnod

188 2703 249 2748 neo
271 2681 441 2748 didicerint
462 2703 522 2746 noo
544 2703 699 2766 umquem
722 2683 804 2749 scire
826 2683 1019 2766 curaverint,
1041 2682 1139 2748 iidem
1158 2685 1202 2749 ud

189 2770 410 2856 gubernacula
433 2791 468 2834 se
491 2790 675 2835 accessuros
698 2771 914 2857 profiteantur
932 2771 1081 2837 excitatis
1099 2772 1201 2837 mexi-

189 2858 252 2923 mis
284 2857 444 2924 fluctibus.
489 2856 553 2922 Isti
584 2858 670 2923 enim
701 2859 812 2943 pulum
842 2858 947 2925 dicere
974 2862 1072 2943 utque
1096 2859 1132 2924 in
1160 2881 1200 2925 eo
1214 2878 1238 2918 ω

189 2945 330 3010 multum
353 2946 453 3010 etiam
476 2945 612 3032 gloriari
635 2947 750 3029 solent,
773 2967 808 3012 se
832 2946 870 3011 de
889 2947 1071 3013 rationibus
1089 2969 1200 3013 rerum.

189 3033 393 3118 publicorum
416 3037 474 3099 eut
496 3034 797 3100 constituendorum
819 3038 877 3100 aut
899 3036 1093 3100 tuendarum
1115 3036 1199 3100 nihil

189 3141 249 3185 nee
280 3121 430 3186 didicisse
461 3143 615 3206 nmquam
643 3143 703 3188 nec
731 3122 858 3207 dooere,
890 3144 1064 3208 earumque
1091 3145 1200 3188 rerum

189 3235 217 3288 p.
236 3209 284 3289 85]
309 3209 477 3274 scientiam
495 3231 563 3274 non
579 3209 683 3276 doctis
701 3210 888 3276 hominibus
908 3211 912 3292 Ι
933 3233 971 3277 uo
989 3211 1200 3296 sapientibus,

190 3295 247 3360 sed
281 3295 317 3360 in
347 3296 405 3361 illo
437 3318 554 3382 genere
586 3298 772 3364 exercitatis
805 3298 1040 3365 concedendum
1072 3303 1199 3385 putent.
1215 3317 1238 3359 es

189 3381 297 3458 Quone
324 3383 380 3466 qui
406 3385 558 3449 conuenit
579 3386 728 3470 polliceri
750 3407 883 3471 operum
906 3409 1001 3452 suum
1023 3387 1072 3452 rei
1094 3388 1199 3473 publi·

189 3491 247 3535 ose
268 3473 340 3534 tnm
362 3470 512 3558 deniqne,
534 3473 563 3537 si
585 3473 779 3539 necessitate
802 3475 985 3560 cogantur?
1008 3497 1091 3559 oum,
1113 3476 1200 3559 quod
