2578 3874
149 185 214 249 398
429 239 430 244 ,
548 184 597 238 DE
616 182 771 238 LEGIBUS

149 328 271 394 etenim
289 349 400 393 omnes
419 327 482 393 viri
500 326 578 392 boni
595 327 701 412 ipsam
721 327 919 412 aequitatem
939 329 973 392 et
985 327 1036 392 ius
1050 326 1162 413 ipsum

149 420 275 500 amant,
296 438 357 482 nec
379 419 430 480 est
452 416 514 480 viri
536 416 614 480 boni
637 437 746 481 errare
769 421 802 480 et
825 416 969 502 diligere,
992 414 1079 500 quod
1101 437 1162 500 pei·

149 527 185 571 se
207 527 274 570 non
296 505 341 569 sit
364 504 578 590 diligendum3
599 525 658 588 per
681 525 715 568 se
737 504 841 591 igitur
863 505 913 568 ius
937 508 987 568 est
1010 507 1162 587 expeten-

149 593 225 658 dum
249 596 282 658 et
305 593 488 677 colendum3
517 592 633 676 quodsi
655 592 719 677 ius,
747 592 847 657 etiam
869 592 1010 674 iustitia3
1038 592 1089 656 sin
1112 614 1161 672 ea,

148 682 293 766 reliquae
317 703 445 766 quoque
467 680 605 745 virtutes
628 702 688 766 per
710 702 745 745 se
763 680 915 746 colendae
933 684 1018 746 sunt.
1052 679 1190 755 Quium

149 770 332 834 liberalitas
351 769 538 854 gratuitane
556 772 607 833 est
625 791 668 833 an
681 769 924 834 mercennaria?
943 769 972 834 si
986 769 1055 833 sine
1068 790 1161 854 prae

149 858 215 923 mio
237 857 380 943 benigna
402 860 462 942 est,
485 857 640 943 gratuita,
663 857 692 921 si
714 879 787 922 cum
809 857 964 942 mercede,
988 857 1162 940 conducta3

148 967 208 1012 nec
231 949 282 1011 est
301 945 445 1030 dubium,
468 945 547 1029 quin
564 946 603 1030 is,
626 946 682 1029 qui
700 944 847 1010 liberalis
864 945 1066 1031 benignusne
1085 944 1162 1010 dici-

148 1038 213 1119 tur,
232 1033 383 1117 officium,
400 1054 468 1099 non
484 1033 627 1098 fructum
645 1036 814 1118 aequatum
837 1054 916 1119 ergo
934 1034 1014 1098 item
1031 1033 1162 1098 iustitia

148 1122 232 1187 nihil
256 1121 380 1207 expetit
401 1121 548 1208 praemii,
569 1121 653 1186 nihil
675 1121 786 1206 pretii3
808 1144 866 1207 per
889 1143 924 1187 se
947 1122 1050 1209 igitur
1067 1143 1160 1206 expe·
1177 1141 1204 1180 ιο

149 1210 239 1275 titur.
281 1208 472 1295 Eademque
499 1210 644 1275 omnium
666 1209 826 1276 virtutum
849 1231 947 1275 causa
969 1215 1067 1294 atque
1090 1231 1161 1275 sen-

99 1312 130 1358 se
149 1298 255 1364 tentia
277 1303 336 1364 est.
376 1298 487 1383 Atque
510 1298 618 1383 etiam,
641 1297 671 1362 si
693 1298 934 1384 emolumentis,
955 1320 1022 1364 non
1045 1302 1161 1383 suapte

148 1389 181 1452 ci
202 1387 307 1452 virtus
331 1387 508 1473 expetitur,
530 1409 595 1452 una
618 1386 680 1451 erit
702 1387 819 1472 virtus,
840 1408 923 1470 quae
945 1386 1073 1452 malitia
1095 1407 1162 1452 rec-

149 1476 275 1541 tissime
309 1475 445 1558 dicetur3
477 1478 515 1539 ut
541 1475 628 1540 enim
656 1473 793 1559 quisque
819 1497 969 1540 maxume
997 1475 1038 1540 ad
1065 1496 1159 1540 suum

150 1564 355 1630 commodum
382 1563 496 1648 refert,
524 1584 744 1647 quaecumque
772 1564 855 1649 agit,
882 1563 932 1629 ita
953 1563 1086 1628 minime
1109 1567 1162 1628 est
1177 1581 1204 1622 ιε

149 1652 333 1735 virbonus,
351 1656 397 1734 ut,
416 1651 472 1735 qui
488 1651 645 1716 virtutem
663 1652 808 1736 praemio
827 1652 1016 1736 metiuntur,
1034 1653 1162 1717 nullam

149 1741 306 1806 virtutem
325 1740 391 1804 nisi
408 1739 569 1805 malitiam
587 1743 712 1825 putent.
748 1738 815 1805 Ubi
833 1740 918 1805 enim
936 1740 1108 1824 beneficus,
1132 1741 1162 1805 si

149 1851 245 1893 nemo
264 1828 400 1892 alterius
418 1849 516 1893 causa
534 1827 673 1914 benigne
691 1827 791 1893 facit?
810 1828 867 1893 ubi
881 1831 1004 1915 gratus,
1021 1828 1081 1912 †si
1094 1850 1163 1894 non

151 1938 224 1981 eum
245 1916 310 2001 ipsi
328 1919 463 1981 cernunt
481 1916 577 2002 grati,
597 1916 674 2000 quoi
687 1916 831 1981 referunt
845 1916 1009 2003 gratiam?
1027 1917 1084 1982 ubi
1101 1916 1162 1982 illa

151 2007 265 2069 sancta
282 2003 434 2086 amicitia,
457 2004 486 2068 si
503 2026 570 2069 non
586 2004 656 2089 ipse
675 2004 798 2070 amicus
815 2026 874 2090 per
893 2027 927 2070 se
946 2009 1075 2070 amatur
1089 2009 1162 2070 toto
1177 2026 1202 2065 ιι

150 2095 291 2177 pectore,
309 2095 347 2156 ut
365 2092 503 2157 dicitur?
522 2092 578 2176 qui
596 2093 696 2157 etiam
715 2092 908 2158 deserendus
927 2096 961 2158 ct
975 2093 1161 2158 abiciendus

151 2184 202 2244 est
225 2180 403 2265 desperatis
427 2181 654 2245 emolumentis
677 2184 711 2245 et
730 2180 904 2265 fructibus3
927 2203 991 2266 quo
1011 2182 1088 2266 quid
1106 2204 1163 2267 pc·
1280 2203 1281 2212 ¹

150 2271 218 2333 test
245 2269 309 2334 dici
334 2268 530 2333 immanius?
567 2266 690 2343 Quodsi
717 2269 861 2334 amicitia
888 2292 946 2355 per
969 2291 1004 2335 se
1027 2270 1163 2335 colenda

151 2361 211 2440 est,
234 2356 373 2422 societas
396 2377 524 2441 quoque
543 2356 712 2422 hominum
731 2361 765 2421 et
783 2358 964 2442 aequalitas
983 2362 1017 2423 et
1034 2357 1163 2423 iustitia

150 2467 209 2530 per
231 2467 267 2510 ae
288 2451 333 2510 est
354 2444 546 2531 expetenda3
569 2446 655 2528 quod
677 2446 712 2510 ni
734 2445 783 2510 ita
802 2450 860 2530 est,
884 2446 1015 2511 omnino
1034 2446 1203 2512 iustitiass

100 2534 243 2652 1qnulla
266 2537 330 2617 est3
356 2533 390 2598 id
413 2534 499 2617 enim
521 2533 772 2599 iniustissimum
794 2535 902 2618 ipsum
925 2538 989 2619 est,
1015 2535 1163 2600 iustitiae

99 2633 133 2715 ῦὸ
151 2622 330 2687 mercedem
355 2643 517 2705 quaerere.
553 2620 637 2695 Quid
659 2643 737 2686 vero
760 2621 799 2688 de
821 2623 995 2708 modestia,
1023 2623 1101 2708 quid
1124 2622 1164 2689 de

151 2710 382 2795 temperantia,
405 2709 483 2793 quid
506 2708 545 2774 de
567 2709 776 2793 continentia,
800 2711 878 2795 quid
900 2712 939 2777 de
961 2711 1164 2796 verecundia,

150 2798 274 2882 pudore
304 2798 525 2882 pudicitiaque
557 2796 721 2863 dicemus?
753 2799 948 2865 infamiaene
980 2803 1070 2864 metu
1096 2821 1165 2865 ιιοιι
1264 2827 1272 2844 ·

152 2908 222 2951 esse
249 2886 429 2971 petulantis
457 2907 500 2950 an
525 2885 636 2971 legum
665 2889 698 2951 et
724 2886 937 2953 iudiciorum?
969 2886 1163 2953 Innocentes
1177 2905 1205 2945 ³⁰
1275 2877 1279 2928 ⁴

152 2995 230 3059 ergo
255 2978 288 3038 et
310 2973 482 3039 verecundi
505 2978 589 3058 sunt,
611 2978 649 3039 ut
670 2974 753 3039 bene
777 2976 919 3060 audiant,
943 2979 975 3041 et
998 2981 1036 3040 ut
1058 2998 1164 3041 rumc-

151 3083 220 3125 rem
247 3061 369 3126 bonum
397 3061 568 3147 colligant,
596 3063 803 3146 erubescunt3
829 3064 929 3148 pudet
952 3063 1052 3129 etiam
1074 3063 1165 3148 loqui

152 3149 191 3213 de
220 3150 386 3233 pudicitia.
431 3149 478 3214 At
509 3172 561 3214 me
592 3150 731 3215 istorum
757 3151 1029 3237 philosophorum
1055 3152 1165 3238 pudet,

153 3235 209 3319 qui
236 3237 341 3301 ullum
364 3237 519 3302 iudicium
541 3238 646 3303 vitare
668 3238 732 3303 nisi
754 3239 834 3304 vitio
857 3240 930 3326 ipso
954 3240 1054 3306 vitato
1076 3241 1166 3306 hone

99 3335 132 3381 51
152 3326 239 3387 stum
257 3327 383 3406 putant.
421 3324 506 3399 Quid
524 3325 631 3391 enim?
654 3347 827 3411 possumus
846 3349 911 3413 eos,
934 3328 991 3413 qui
1011 3351 1031 3393 a
1049 3331 1165 3415 stupro
1180 3347 1205 3387 ιε

153 3413 304 3474 arcentur
335 3411 489 3477 infamiae
519 3416 622 3496 metu,
653 3414 788 3498 pudicos
816 3414 934 3500 dicere,
967 3439 1065 3502 quom
1092 3417 1167 3502 ipsa

152 3496 288 3561 infamia
317 3501 452 3582 propter
481 3499 529 3563 rei
556 3500 792 3584 turpitudinem
818 3505 1057 3588 consequatur?
1088 3527 1168 3573 nam
