2590 3880
205 149 228 212 4
515 144 564 198 DE
583 142 734 198 NATURA
751 140 907 197 DEORUM

145 341 149 350 ,
206 287 252 354 sit,
271 285 351 340 nulla
368 287 462 340 autem
481 284 540 338 sine
555 283 665 338 actione
679 282 778 349 virtus,
796 299 831 337 ne
847 283 914 338 deos
928 282 1042 352 quidem
1060 283 1126 339 illos
1146 284 1222 340 otio·

205 375 252 441 sos
269 358 369 412 beetos
388 371 448 412 esse
461 371 553 426 posse,
572 370 652 476 quoqJ
655 369 745 434 neque
764 354 1222 480 wluptiteiiliemiiniffidiiiiis’

204 425 1009 576 ibciititewriiiiublisiiiiusshciiiiisrbiraiobigitatiine
1025 495 1125 551 beatos
1144 496 1222 551 effici

205 587 302 642 posse,
321 569 432 624 etcum
453 583 564 636 semper
580 564 728 636 pulsentur
745 582 903 621 mours1one
927 568 1083 621 atomorum
1103 567 1134 620 et
1150 567 1222 622 ima-

205 635 1221 781 stassleststhtzltntstrlffl?{leihtis

205 789 280 837 -41
305 786 320 846 ξ
339 779 506 848 103-114).
544 776 682 842 Quoniam
704 778 798 832 autem
821 776 928 832 otiosos
946 777 1016 832 deos
1037 778 1223 834 introducant

205 849 338 922 Epicurei
359 849 467 903 nullam
489 864 581 903 rerum
604 848 788 902 humanarum
807 863 901 902 curam
918 848 1067 915 habentes,
1086 849 1159 904 nihil
1178 850 1222 903 iu-

205 924 305 977 vantes
328 919 469 986 homines,
493 935 605 973 omnem
622 918 803 978 sanctitatem
822 917 937 973 deorum
956 919 986 973 et
1006 918 1152 974 hominum
1170 921 1221 974 ad-

205 1008 302 1047 versus
321 1007 369 1046 eos
391 989 541 1061 pietatem,
564 1005 732 1058 quamquam
754 988 847 1044 verbis
865 988 910 1044 illi
932 990 1051 1060 ponant,
1073 1007 1104 1045 re
1122 991 1221 1045 tamen

205 1063 307 1117 tollere
325 1063 397 1132 (cap.
416 1066 557 1126 41-445
577 1063 734 1128 115—124).

174 1327 192 1386 l
275 1346 358 1413 Cum
386 1346 508 1411 multae
535 1367 587 1409 res
610 1344 645 1410 in
671 1343 881 1430 philosophia
908 1366 1114 1430 nequaquam
1138 1347 1220 1410 satis

173 1402 312 1502 1adhuc
340 1435 527 1586 explicataq
549 1433 628 1516 sint,
658 1437 730 1497 tum
752 1433 966 1518 perdifficilis,
993 1432 1108 1518 Brute,
1133 1435 1219 1519 quod

207 1530 245 1590 tu
267 1524 400 1589 minime
422 1522 500 1608 igno
521 1543 565 1607 es,
589 1525 622 1586 et
644 1521 842 1606 perobscura
858 1522 1005 1606 quaestio
1029 1526 1079 1586 est
1102 1523 1142 1586 de
1164 1544 1221 1588 na-

207 1618 282 1678 tura
310 1612 456 1696 deorum,
485 1632 566 1695 quae
593 1613 627 1673 et
654 1609 695 1673 ad
718 1609 918 1695 agnitionem
942 1610 1042 1675 animi
1068 1611 1221 1696 pulcher·

207 1701 291 1765 rima
323 1703 373 1764 est
405 1703 438 1764 et
469 1699 510 1763 ad
543 1697 773 1764 moderandam
804 1698 996 1784 religionem
1028 1700 1246 1763 necessarias
1285 1771 1286 1774 Ἴ

207 1789 258 1854 Dc
277 1811 342 1873 qua
359 1791 429 1852 tem
447 1786 557 1852 variae
576 1789 653 1850 sunt
671 1785 932 1851 doctissimorum
949 1787 1119 1852 hominum
1137 1790 1222 1852 tam-

208 1899 271 1962 que
290 1876 510 1960 discrepantes
530 1873 720 1958 sententiae,
742 1877 779 1938 ut
797 1895 917 1960 magno
937 1879 1129 1962 argumento
1149 1898 1221 1941 esse

210 1966 327 2030 debeat
341 1985 472 2030 causam
487 1966 520 2027 et
537 1962 732 2048 principium
750 1961 977 2048 philosophiae
996 1985 1066 2028 esse
1084 1964 1221 2030 inscien-

208 2053 304 2137 tiam,
331 2051 571 2138 prudenterque
593 2049 804 2115 Academicos
833 2074 853 2115 a
879 2051 975 2116 rebus
1002 2052 1135 2117 incertis
1166 2052 1220 2116 ad·.

209 2141 393 2206 sensionem
420 2139 612 2204 cohibuisse.
649 2136 733 2213 Quid
756 2142 806 2203 est
829 2139 915 2204 enim
943 2141 1129 2204 temeritate
1152 2143 1220 2205 tur·
1234 2162 1259 2199 ro

208 2229 303 2315 pius?
328 2231 385 2292 aut
409 2227 486 2312 quid
508 2230 577 2291 tam
596 2227 805 2292 temerarium
827 2231 959 2312 tamque
981 2227 1151 2314 indignum
1172 2251 1221 2294 sa-

208 2317 329 2402 pientis
358 2315 521 2402 gravitate
549 2318 647 2398 atque
674 2315 858 2381 constantia
886 2338 983 2400 quam
1012 2320 1069 2381 aut
1097 2316 1220 2384 falsum

210 2405 330 2470 sentire
361 2407 431 2487 aut,
459 2402 546 2488 quod
571 2404 741 2467 nonsatis
770 2404 937 2489 explorate
963 2408 1152 2490 perceptum
1177 2407 1221 2470 sit

173 2498 243 2559 aet
270 2491 451 2578 cognitum,
478 2491 548 2555 sine
570 2491 640 2556 ulla
663 2491 865 2557 dubitatione
893 2491 1082 2558 defendere?
1118 2492 1221 2558 Velut

209 2582 244 2646 in
267 2581 329 2646 hac
352 2579 541 2664 quaestione
563 2579 723 2664 plerique,
747 2580 833 2664 quod
859 2580 998 2645 maxime
1021 2581 1258 2647 verisimilem

210 2674 274 2754 est,
306 2672 339 2732 et
367 2689 430 2753 quo
463 2689 574 2732 omnes
603 2667 681 2733 duce
712 2671 830 2733 natura
856 2668 1016 2753 venimus,
1044 2669 1120 2734 deos
1149 2692 1221 2736 esse

210 2758 373 2840 dixerunt,
397 2755 546 2820 dubitare
569 2777 603 2820 sc
625 2755 839 2842 Protagoras,
860 2757 969 2821 nullos
994 2779 1063 2822 esse
1087 2759 1221 2825 omnino

209 2845 372 2930 Diagoras
394 2842 512 2909 Melius
535 2848 569 2909 et
591 2843 779 2910 Theodorus
797 2842 990 2928 Cyrenaicus
1012 2849 1222 2931 putaverunt.

211 2931 273 3008 Qui
295 2954 372 2997 vcro
396 2932 472 2997 deos
497 2954 567 2998 esse
591 2932 752 3016 dixenmt,
780 2936 873 2997 tanta
901 2938 977 2998 sunt
1002 2934 1038 2998 in
1060 2935 1222 3001 varietate

210 3023 244 3086 et
277 3019 490 3105 dissensione,
522 3025 559 3086 ut
590 3043 702 3086 eorum
735 3021 909 3086 molestum
941 3021 985 3086 sit
1017 3022 1223 3090 dinumerare
1236 3043 1260 3082 2⁰

210 3109 399 3174 sententias.
431 3107 518 3174 Nam
542 3112 575 3174 et
598 3109 636 3173 de
658 3109 772 3194 figuris
796 3109 929 3174 deorum
952 3114 985 3174 et
1008 3111 1047 3174 de
1069 3111 1150 3176 locis
1175 3118 1223 3178 at
1285 3177 1286 3194 ,

211 3219 273 3282 que
303 3197 432 3262 sedibus
462 3200 496 3262 et
525 3197 653 3262 actione
681 3196 769 3261 vitae
795 3198 901 3262 multa
929 3199 1091 3284 dicuntur,
1118 3200 1223 3285 deque

210 3285 262 3351 his
286 3307 414 3350 summa
435 3285 706 3371 philosophorum
730 3284 927 3352 dissensione
950 3291 1107 3372 certatur;
1135 3291 1224 3373 quod
1285 3311 1286 3376 l

209 3396 287 3439 vero
319 3373 458 3439 maxime
490 3396 559 3438 rem
591 3395 785 3458 causamque
817 3374 975 3460 continet,
1001 3380 1110 3441 utrum
1137 3377 1223 3443 nihil

211 3466 320 3548 agant,
342 3462 425 3527 nihil
449 3461 636 3546 moliantur,
660 3462 747 3525 omni
771 3463 936 3529 curatione
959 3466 992 3528 et
1015 3464 1224 3532 administra·
1239 3486 1263 3525 2⁵
