2566 3876
365 169 433 224 era.
453 169 487 223 11.
512 167 588 223 one.
608 173 687 222 2-4.
711 172 823 234 sr-e.
1025 165 1093 228 407

77 319 156 379 tum
187 314 416 400 conplectitur,
448 313 534 398 quod
564 313 644 377 satis
669 311 712 376 sit
735 311 879 376 modicae
902 310 1095 396 palaestrae,

77 403 161 486 loci3
185 424 249 486 quo
274 403 396 485 effecto,
419 405 588 484 tamquam
610 401 643 464 id
665 399 818 464 habuerit
841 399 947 483 operis
971 421 1009 462 ac
1027 419 1095 461 mu-

77 491 185 574 neris,
208 493 246 554 ut
268 490 353 555 hanc
374 489 470 554 nobis
494 489 635 554 efficeret
658 487 766 552 sedem
790 487 832 552 ad
854 485 1094 570 disputandum,

80 577 198 642 statim
221 577 418 663 praecipitat
440 577 474 641 in
492 576 601 641 Lirem
624 580 667 660 et,
690 576 783 660 quasi
805 576 840 639 in
861 575 1022 640 familiam
1039 596 1095 658 pa·

50 667 214 731 atriciam
244 666 384 748 venerit,
417 665 542 729 amittit
572 686 691 729 nornen
723 663 890 729 obscurius
922 662 1095 745 Liremque

81 755 189 819 multo
214 753 404 840 gelidiorem
426 753 520 835 faeit3
542 774 601 818 neo
624 753 711 816 enim
732 752 838 816 ullum
859 751 922 816 hoo
944 749 1094 836 frigidius

80 843 205 907 flumen
228 842 335 926 attigi,
359 863 457 927 quom
481 841 522 906 ad
540 840 646 905 multa
664 840 864 922 accesserim,
886 839 996 904 utrix
1014 838 1095 923 pede

82 934 247 1016 temptare
274 930 308 994 id
334 930 472 1014 possim,
503 930 589 1013 quod
616 929 652 993 in
672 928 822 992 Phaedro
844 927 993 992 Platonis
1015 925 1095 991 facit

82 1016 244 1084 Socrates.
280 1019 328 1083 M.
350 1017 413 1082 Est
440 1039 517 1082 vero
545 1019 606 1100 ita3
634 1017 690 1080 sed
717 1020 828 1080 tamen
854 1015 929 1080 huie
953 1014 1130 1080 amoeni-r

40 1125 66 1163 ιο
82 1107 159 1191 tati,
184 1129 280 1191 quern
304 1129 342 1170 ex
366 1104 487 1182 Quinto
510 1127 606 1190 saepe
630 1105 739 1189 audio,
762 1103 918 1187 Thyamis
941 1103 1094 1187 Epirotes

82 1200 159 1260 tuus
182 1195 241 1260 ille
263 1194 356 1278 nihil,
379 1193 504 1280 opinor,
527 1193 730 1259 concesserit.
769 1192 803 1273 Q.
826 1191 889 1256 Est
910 1191 967 1273 ita,
990 1194 1028 1255 ut
1051 1191 1096 1254 di·

81 1284 143 1367 cis3
167 1305 245 1348 cave
269 1283 355 1347 enim
377 1285 472 1366 putes
496 1281 600 1346 Attici
622 1280 728 1346 nostri
745 1279 916 1345 Amalthio
939 1278 1096 1363 platanis-

82 1394 145 1457 que
173 1371 241 1435 illis
265 1371 437 1455 quiequam
461 1391 530 1434 esse
553 1369 760 1455 praeclarius.
803 1366 880 1452 Sed,
908 1367 937 1431 si
959 1367 1096 1450 videtur,

81 1459 290 1526 considemus
317 1458 371 1523 hic
397 1458 432 1522 in
459 1459 575 1522 umbra
600 1460 697 1541 atque
721 1456 763 1520 ad
786 1477 858 1521 eam
880 1459 1009 1540 partem
1033 1476 1096 1519 ser-

40 1565 68 1604 15
81 1547 204 1632 monis,
233 1569 271 1610 ex
295 1568 359 1631 qua
382 1547 505 1632 egressi
529 1567 652 1628 sumus,
675 1547 885 1608 revertamur.
930 1544 978 1608 M.
1001 1542 1096 1607 Prae·

81 1637 171 1702 clare
200 1635 317 1721 exigis,
345 1632 476 1717 Quinte,
505 1631 554 1719 (at
579 1655 640 1718 ego
664 1632 816 1718 effugisse
840 1631 1039 1717 arbitrabar)
1063 1634 1097 1694 et

80 1724 145 1788 tibi
168 1723 286 1788 horum
308 1723 392 1786 nihil
411 1722 520 1786 deberi
538 1725 656 1807 potest.
694 1720 729 1801 Q.
748 1719 862 1785 Ordire
881 1719 997 1805 igitur3
1019 1741 1097 1783 nam

80 1813 170 1877 hunc
193 1811 256 1875 tibi
279 1814 386 1876 totum
409 1811 553 1876 dieamus
577 1810 670 1874 diem.

150 1899 200 1964 M.
219 1899 261 1962 ‘A
279 1899 369 1964 Iove
388 1897 580 1963 Musarum
600 1896 839 1982 primordia',
860 1897 945 1963 sicut
962 1896 997 1960 in
1016 1893 1096 1960 Ara·

40 2005 66 2044 2⁰
79 1989 130 2052 tio
155 1986 299 2052 carmine
321 1987 389 2051 orsi
407 2008 526 2052 sumus.
565 1986 599 2067 Q.
623 1984 784 2062 Quorsum
802 1985 910 2050 istuc?
941 1985 989 2049 M.
1013 1983 1096 2058 Quia

79 2097 169 2140 nuno
201 2075 281 2138 item
314 2075 355 2138 ab
388 2074 501 2139 eodem
536 2077 569 2139 et
597 2097 616 2139 a
642 2074 758 2138 ceteris
787 2073 837 2137 dis
863 2073 1095 2137 inmortalibus

81 2168 161 2228 sunt
178 2163 275 2227 nobis
294 2163 412 2248 agendi
430 2162 585 2246 capienda
602 2161 789 2246 primordia.
813 2162 847 2243 Q.
863 2160 993 2244 Optime
1009 2181 1096 2243 vero,
1114 2166 1131 2216 8

80 2251 197 2333 frater,
220 2254 253 2314 et
276 2249 347 2314 fieri
370 2250 416 2314 sic
439 2251 538 2314 decet.

149 2339 200 2404 M.
222 2337 399 2402 Videamus
422 2337 524 2423 igitur
546 2359 672 2421 rursus,
694 2337 785 2422 prius
809 2359 907 2422 quam
930 2334 1096 2420 adgredia-
1114 2338 1136 2400 4

41 2443 69 2484 2⁵
82 2449 159 2493 mur
191 2426 236 2491 ad·
265 2427 355 2510 leges
388 2424 548 2510 singulas,
580 2425 648 2489 vim
674 2429 889 2508 naturamque
917 2424 1014 2509 legis,
1045 2443 1095 2505 ne,

82 2537 185 2601 quom
214 2514 382 2578 referenda
410 2513 478 2577 sint
505 2514 546 2577 ad
573 2535 645 2577 earn
672 2513 767 2578 nobis
796 2512 918 2596 omnia,
947 2512 1097 2576 labamur

81 2603 250 2668 interdum
277 2623 386 2666 errore
414 2601 572 2665 sermonis
595 2601 845 2687 ignoremusque
868 2600 935 2665 vim
958 2597 1096 2664 rationis

75 2694 164 2774 cius,
187 2712 252 2775 qua
274 2689 347 2754 iura
368 2690 463 2754 nobis
488 2689 668 2753 definienda
691 2690 765 2752 sint.
803 2689 837 2768 Q.
861 2687 945 2753 Sane
966 2687 1096 2770 quidem

81 2778 203 2861 hercle,
226 2781 260 2842 et
283 2781 333 2841 est
356 2778 421 2841 ista
443 2780 533 2842 recta
555 2777 689 2842 docendi
711 2777 773 2841 via.
809 2777 858 2841 M.
882 2775 974 2840 Hanc
994 2774 1096 2860 igitur

41 2883 69 2924 ³0
82 2867 179 2932 video
207 2865 522 2951 sapientissimorum
549 2864 649 2929 fuisse
677 2866 886 2945 sententiam,
913 2864 1021 2948 legem
1043 2884 1096 2926 ne

83 2977 146 3040 que
165 2955 336 3018 hominum
353 2953 494 3039 ingeniis
512 2954 732 3038 excogitatam
749 2974 809 3017 nec
827 2953 946 3016 scitum
964 2950 1097 3034 aliquod

83 3065 155 3108 esse
178 3026 384 3127 populorum,
408 3041 464 3106 sed
487 3045 655 3105 aeternum
678 3040 839 3124 quiddam,
863 3040 949 3124 quod
970 3039 1097 3103 univer·

82 3153 158 3197 sum
192 3129 348 3194 mundum
383 3133 512 3215 regeret
545 3128 728 3213 imperandi
759 3127 1015 3212 prohibendique
1048 3147 1097 3191 sa·

82 3217 218 3304 pientia.
258 3216 312 3280 Ita
333 3217 512 3301 principem
534 3217 642 3302 legem
664 3216 758 3280 illam
780 3219 813 3280 et
835 3215 986 3280 ultimam
1009 3237 1097 3279 men-

41 3324 69 3364 ae
82 3313 153 3372 tem
186 3326 257 3369 esse
289 3304 440 3368 dicebant
470 3305 580 3369 omnia
611 3305 739 3368 ratione
771 3307 828 3368 aut
859 3305 1006 3388 cogentis
1039 3306 1097 3368 aut

81 3393 228 3461 vetantis
253 3392 317 3475 dei3
339 3413 377 3455 ex
400 3413 464 3475 quo
486 3392 547 3456 illa
569 3393 630 3476 lex,
653 3415 751 3477 quam
773 3392 806 3455 di
822 3391 966 3456 humano
985 3393 1094 3477 generi

82 3483 256 3563 dedenmt,
283 3481 369 3542 recte
397 3484 447 3542 est
473 3480 621 3564 laudata3
650 3486 701 3545 est
724 3480 810 3544 enim
832 3480 918 3544 ratio
941 3501 1096 3564 mensque
